1824 3252
685 177 737 211 Th
742 177 984 222 ysananthus.
1518 184 1590 217 287

168 293 417 337 Monogynus.
469 290 726 326 Perianthium
753 290 906 325 laterale
930 290 989 325 vel
1016 289 1054 327 in
1081 289 1318 335 dichotomia,
1344 293 1486 334 sessile,
1519 294 1586 328 tri-

73 358 264 400 quetrum,
301 352 411 387 dorso
446 362 653 386 convexum
685 355 811 386 ventre
848 350 1142 392 unicarinatum,
1179 352 1409 395 marginibus
1434 354 1588 390 deflexis

72 412 274 457 carinaque
302 410 674 451 dentato-laciniam,
708 411 814 455 apice
844 412 1094 453 subn-etusum,
1124 413 1434 447 mucronulatum.
1473 414 1585 450 Invo-

72 473 166 508 lucri
192 473 279 507 solia
307 471 381 505 duo
407 470 610 512 difformia,
637 471 884 515 inaequaliter
909 470 1045 504 biloba.
1097 470 1413 515 Amphigastrium
1440 473 1585 508 involu-

72 531 171 565 crale
198 531 430 573 elongatum,
470 530 905 573 emarginato-bifidum.
958 530 1137 574 Calyptra
1163 530 1299 572 ovalis‚
1334 532 1471 567 vertice
1503 534 1588 567 lon—

73 590 330 634 gitudinaliter
369 600 559 633 rumpens.
619 589 746 632 Stylus
782 590 928 633 longus.
990 589 1154 634 Capsula
1191 590 1237 623 ad
1275 590 1435 624 medium
1473 602 1588 636 usque

75 650 282 696 quadrifida
314 649 430 683 valvis
464 654 548 693 post
584 649 851 684 dcliiscentiam
877 649 1110 683 subressexis.
1161 650 1327 684 Elateres
1355 651 1479 694 apices
1508 652 1586 685 val-

73 720 202 744 varum
238 720 367 743 versus
395 708 528 748 adfixi,
555 708 720 752 unispiri‚
754 709 1004 752 persistentes.
1058 709 1333 744 Inssorescentia
1362 711 1526 745 mascula
1551 711 1588 745 in

71 769 224 803 ramulis
259 768 456 802 distinctae
492 767 652 811 plantae.
714 767 849 811 Spicae
884 768 1023 802 ovales.
1075 768 1178 802 Folia
1211 768 1455 812 perigonialia
1487 775 1587 806 arcte

71 828 265 862 imbricata
298 826 379 860 basi
412 826 561 866 inflata,
597 826 701 869 apice
735 826 899 860 dentata.
952 826 1059 860 Rami
1085 827 1252 871 primarii
1278 840 1296 863 e
1324 830 1472 864 surculo
1498 842 1584 874 pro-

71 888 267 922 cumbente
294 886 420 926 erecti,
445 885 661 927 fastigiatim
684 885 817 918 ramosi
838 885 1039 929 pinnative.
1082 887 1186 921 Folia
1204 887 1352 928 incurva,
1380 890 1587 933 imbricata,

70 947 234 989 margine
283 944 401 978 infero
447 943 595 977 inflexa.
667 943 945 987 Amphigastria
996 952 1178 987 cuneata,
1227 951 1397 981 truncato
1415 969 1431 974 -
1449 954 1586 985 retusa.

70 1004 268 1047 vegetatio
295 1002 763 1043 ramoso-subdichotoma,
792 1003 917 1037 caules
943 1008 1042 1037 statu
1070 1004 1168 1039 sicco
1196 1010 1349 1048 teretes,
1378 1007 1523 1050 rigiduli
1551 1013 1587 1043 et

68 1064 182 1098 multo
208 1074 319 1108 quam
346 1062 382 1095 in
409 1062 559 1096 humido
586 1066 684 1095 statu
712 1063 956 1105 angustiores

164 1123 254 1158 Vita
282 1123 447 1162 arborea,
474 1122 510 1156 in
540 1122 676 1156 cortice
705 1123 877 1156 arborum
906 1127 941 1156 et
967 1122 1152 1157 fruticum.

164 1181 390 1217 Distributio
412 1182 670 1225 geographica.
711 1182 865 1226 Species
885 1186 918 1224 4,
947 1193 1104 1227 quarum
1126 1186 1148 1216 2
1174 1182 1210 1216 in
1224 1183 1319 1217 Java
1338 1183 1473 1225 insula,
1504 1189 1518 1218 l
1548 1186 1586 1220 in

69 1242 178 1277 Nova
194 1242 396 1276 Zeelandia
413 1245 480 1277 etl
499 1241 535 1276 in
553 1242 700 1276 Guiana
715 1243 801 1276 etin
816 1241 1097 1285 Pulo-Penang
1115 1242 1245 1276 Indiae
1260 1243 1389 1278 orient.
1402 1252 1585 1281 crescunt.

291 1337 322 1369 1.
378 1334 784 1381 Thyscutanthus
810 1335 1219 1378 spathule‘stv’pus
1247 1335 1363 1379 Ldbg.

164 1394 231 1427 ΤΙι.
269 1393 365 1427 caule
395 1394 582 1427 ‹liehozomo
593 1393 797 1437 —fastiyae’ato
820 1393 1019 1439 firmator-e,
1045 1394 1150 1439 foliis
1175 1394 1454 1430 subrerliealibus
1479 1398 1585 1431 oratis

65 1455 174 1488 (teretis
204 1456 359 1499 maryine
392 1453 506 1498 infero
538 1452 937 1498 complicato-⁴involutis
961 1453 1056 1498 apice
1088 1453 1280 1499 eaplrmatis
1304 1458 1583 1496 eroso-serratis,

66 1514 326 1559 amphzyastriis
354 1511 561 1558 spatlzulatis
588 1512 754 1546 trimestris
786 1512 880 1557 apice
904 1511 1122 1547 denticulatis
1132 1514 1372 1559 plumam-edis,
1392 1516 1586 1560 steriantlaeii

68 1573 204 1617 anyulis
227 1571 580 1620 spin'zdoso-dentatis,

260 1630 417 1664 Gottsclze
443 1631 537 1664 Ιεοη.
566 1631 695 1675 Hepat.
723 1631 839 1664 inerlr't.

258 1692 526 1732 Jungermannia
554 1691 785 1733 sparlnulistipa
816 1689 916 1722 Nol»
929 1689 974 1722 E.
1003 1689 1093 1734 Hep.
1111 1689 1191 1723 er.
1213 1702 1251 1735 p.
1270 1693 1327 1723 38.
1354 1689 1588 1732 (strela-arat

347 1749 386 1770 ea:
414 1738 557 1783 parte.)
608 1738 655 1770 Ν.
688 1737 729 1770 ab
756 1737 802 1771 E.
842 1737 904 1771 Bl.
939 1744 971 1770 et
1005 1737 1142 1771 Reinw.
1183 1738 1273 1783 Hel).
1311 1738 1390 1771 Jav.
1427 1751 1464 1783 p.
1503 1742 1585 1773 212.

347 1785 430 1830 Spr.
458 1785 552 1830 Syst.
587 1785 666 1829 Veffl·
696 1785 764 1818 IV.
791 1788 825 1818 ⁶2.
848 1797 884 1830 p.
911 1788 994 1818 2⁶22).
1021 1797 1055 1817 η.
1082 1788 1141 1819 67.

163 1842 322 1876 Habitat
349 1844 386 1877 in
412 1844 532 1877 Javae
560 1844 739 1878 montosis
770 1855 803 1877 v.
833 1855 864 1876 c.
891 1844 927 1877 in
956 1848 1079 1877 monte
1108 1844 1259 1877 Leback
1288 1845 1398 1879 Prov.
1429 1846 1588 1880 Bantam

69 1903 216 1946 (Blume
243 1903 280 1937 in
310 1902 384 1937 Hb.
414 1902 486 1944 N.‚
514 1903 577 1944 L.,
605 1903 670 1946 Lg.
700 1907 736 1936 et
763 1903 838 1947 G.).
890 1903 1024 1937 Forma
1051 1903 1167 1936 maior
1194 1904 1377 1948 quaedam
1412 1905 1523 1939 etiam
1550 1905 1588 1939 in

66 1962 140 1997 Ins.
168 1962 320 1997 Maurit.
348 1962 552 2006 (Belanger
576 1963 613 1995 in
642 1962 717 1995 Hb.
745 1962 841 2005 Lg.).

162 2022 295 2057 Variat
312 2023 487 2064 maxime,
518 2022 643 2057 formis
663 2022 713 2056 ita
735 2034 808 2056 una
826 2023 862 2056 in
892 2023 1046 2057 alteram
1072 2023 1367 2065 transeuntibus,
1396 2029 1435 2058 ut
1453 2025 1587 2060 limites

66 2084 291 2119 varietatum
330 2084 429 2118 haud
465 2084 646 2119 invenias.
710 2083 859 2117 Statura
900 2088 956 2117 est
991 2084 1099 2118 modo
1135 2084 1295 2118 tenerior
1329 2084 1587 2129 graciliorque,

66 2144 175 2178 modo
222 2145 427 2186 robustior,
470 2144 624 2187 rigidior
671 2148 781 2188 atque
830 2144 1070 2186 compactior.
1142 2143 1371 2187 Ramg'ficatz'o
1409 2144 1488 2177 aliis
1526 2144 1584 2177 di-

68 2203 266 2237 chotomo-
283 2203 491 2247 fastigiata,
520 2204 601 2237 aliis
628 2203 796 2247 pinnata.
849 2203 961 2237 Rami
987 2208 1051 2237 aut
1078 2203 1207 2237 breves
1235 2207 1297 2236 aut
1323 2203 1443 2246 longi,
1470 2202 1587 2237 stricti

66 2263 123 2296 vel
151 2260 240 2303 laxi,
266 2262 526 2306 subsimplices
552 2263 763 2307 pinnatisve
793 2264 966 2297 brevibus
985 2262 1165 2307 praediti,
1200 2261 1237 2295 in
1262 2261 1344 2295 aliis
1371 2262 1587 2305 fastigiatim

67 2321 321 2356 ramosissimi.
373 2322 478 2356 Folia
505 2322 561 2356 vel
588 2328 698 2357 ovata
726 2327 1074 2357 attenuato-acuta
1108 2321 1282 2356 distincte
1317 2324 1456 2354 serrata
1486 2331 1583 2354 mar-

67 2381 151 2425 gine
177 2381 297 2415 insero
323 2392 397 2415 non
426 2380 497 2415 nisi
525 2392 546 2415 a
573 2382 654 2416 basi
682 2383 728 2416 ad
755 2383 918 2417 medium
945 2382 1095 2420 inflexo,
1122 2381 1179 2415 vel
1199 2379 1368 2414 breviora
1387 2382 1424 2414 et
1442 2380 1585 2421 latiora,

68 2445 208 2475 serrata
247 2445 605 2475 erosove-crenata
632 2441 796 2485 margine
833 2442 950 2477 infero
988 2441 1125 2474 inflexo
1160 2440 1258 2483 plica
1295 2438 1400 2483 apice
1439 2439 1587 2483 oblique

67 2504 256 2542 truncata3
296 2499 378 2535 aliis
406 2500 513 2534 valde
540 2505 694 2535 curvata
721 2501 877 2546 basique
904 2500 1060 2535 ventrali
1089 2500 1195 2540 longe
1223 2498 1477 2539 decurrentia,
1504 2497 1585 2530 aliis

69 2560 115 2593 ab
143 2560 283 2603 origine
309 2560 540 2604 divergentia
575 2564 611 2595 et
645 2571 775 2605 parum
809 2561 846 2594 in
883 2560 1047 2603 margine
1080 2558 1237 2592 ventrali
1271 2557 1447 2600 repanda.
1497 2557 1586 2589 Am-

62 2620 259 2665 pltiyastria
285 2619 367 2654 aliis
394 2624 481 2654 sunt
507 2619 648 2654 minora
675 2620 867 2665 magisque
903 2619 1126 2660 rotundam,
1166 2617 1246 2651 aliis
1281 2617 1421 2650 maiora
1455 2615 1588 2650 latiora

70 2678 225 2723 basique
251 2679 439 2713 evidenter
465 2683 643 2721 cuneata,
678 2680 760 2714 aliis
794 2681 906 2724 plana
941 2685 977 2715 et
1011 2677 1291 2719 accumbentia,
1330 2676 1412 2709 aliis
1444 2674 1585 2718 patula,

71 2735 151 2770 aliis
177 2736 406 2780 marginibus
433 2743 590 2783 angusto
617 2739 737 2783 spatio
765 2740 901 2773 reflexa
926 2740 1008 2774 aliis
1033 2739 1213 2772 revoluta.
1266 2734 1475 2769 Periantlzia
1501 2737 1587 2767 sunt

69 2796 126 2830 vel
156 2796 370 2840 angustiora
397 2797 454 2831 vel
482 2797 632 2840 latiora,
661 2798 827 2842 longiora
854 2803 891 2832 et
916 2798 1183 2842 prominentia,
1211 2796 1269 2829 vel
1295 2795 1485 2827 involucro
1512 2793 1587 2826 sere

69 2854 261 2896 immersa,
294 2855 523 2902 marginibus
558 2856 677 2902 magis
712 2859 770 2893 vel
805 2858 928 2893 minus
963 2856 1120 2892 deflexis
1155 2854 1323 2899 ciliisque
1356 2853 1440 2898 plus
1466 2852 1586 2887 minus

69 2915 281 2960 conspicuis
310 2915 458 2952 ornatis,
