1824 3252
159 164 223 197 154
787 156 1039 200 Lopliocolea.

248 276 409 320 Propius
452 273 598 308 aceedit
633 272 680 306 ad
710 270 962 317 Lopboeoleam
1001 269 1171 315 spic-atam
1197 269 1333 312 Taylor
1370 274 1406 303 et
1434 268 1479 303 L.
1505 269 1684 313 fraymu-

153 342 244 378 lem,
279 340 403 370 tamen
441 333 539 369 foliis
574 332 828 375 longioribus,
876 329 1157 374 ampliigastriis
1194 339 1277 361 cuni
1316 329 1413 362 sotiis
1449 328 1620 363 connatis
1654 334 1687 360 ct

153 396 211 430 ala
240 396 317 428 lata
344 392 546 438 perianthii
574 392 620 425 ab
649 396 808 435 utraque
835 390 996 424 diversa.

247 453 351 488 Folia
379 452 646 496 polymorpha,
683 450 718 484 in
756 450 886 494 planta
925 448 1114 482 fructifera
1146 447 1311 491 longiora
1338 447 1504 489 nungine
1533 449 1687 481 xentrali

151 519 209 550 3-
233 518 255 549 4
289 513 484 553 dentibus,
525 510 711 544 interdum
749 509 862 543 unico
899 512 1046 542 tantum
1085 512 1252 545 armata,
1292 506 1398 549 apice
1432 507 1684 549 emarginato-

152 574 365 610 bidentata.
404 572 462 605 vel
489 569 886 614 tri-quadridentata3
922 568 958 601 in
995 566 1138 600 ramulo
1165 566 1281 599 sterili
1317 565 1402 598 l'olia
1432 565 1566 600 latiora
1593 577 1688 600 mar-

151 633 236 677 gine
270 631 427 666 ventrali
464 629 632 664 obsolete
660 629 838 670 dentata,
882 627 989 671 apice
1025 626 1092 659 tri·
1128 625 1212 668 (bi)
1248 624 1421 664 dentata,
1460 625 1498 659 in
1535 626 1689 660 novellis

150 693 262 726 etiam
300 696 444 725 tantuin
482 688 686 722 bidentata.
740 686 1010 732 Ampleiyastria
1050 689 1163 719 ovata
1206 683 1339 725 bifida,
1381 683 1476 717 binis
1515 683 1690 718 dentibus

150 751 282 785 mediis
308 750 442 794 longis,
474 748 642 793 margine
670 747 814 782 laterali
850 758 924 781 uno
955 746 1010 780 vel
1039 745 1202 779 alterove
1230 744 1341 777 dente
1369 748 1511 778 armato
1538 743 1574 777 in
1603 743 1690 778 folia

151 811 385 845 subiacentia
425 813 653 843 transeunte.
719 806 825 841 Folia
862 806 1088 840 involat-ralia
1123 803 1275 848 reliquis
1309 803 1534 847 conformia,
1571 803 1690 847 magis

151 871 305 904 dentata
330 881 414 904 cum
435 868 705 913 ampliigastrio
732 867 904 910 calycino
930 866 1092 906 oblongo
1120 869 1231 899 ovato
1258 863 1434 908 utrinque
1459 869 1601 898 serrato
1630 864 1685 897 bi-

150 930 302 964 dentato
338 929 586 964 subconnata.
658 926 912 961 Periantleium
949 925 1144 960 terminale
1180 925 1244 958 sed
1282 923 1544 968 progrediente
1583 923 1689 957 inno-

152 989 300 1023 vatione
336 988 504 1029 dorsale,
544 997 720 1031 parvum,
761 986 971 1029 trigonum,
1009 985 1156 1029 angulis
1191 985 1265 1018 late
1303 985 1441 1017 alatum
1476 983 1690 1025 (latitudine

151 1049 232 1083 alae
269 1048 345 1082 fere
380 1047 573 1082 dimidiam
613 1046 740 1081 lateris
779 1046 977 1090 feniantliii
1016 1049 1160 1088 partem
1200 1045 1422 1088 aequante),
1463 1053 1526 1077 ore
1562 1048 1692 1085 aperto

149 1108 469 1142 ‹tiliato-dentato
498 1107 689 1151 (dentibus
717 1107 812 1140 serie
844 1109 978 1140 10-12
1011 1105 1230 1139 cellularum
1265 1103 1518 1147 compositis),
1547 1103 1689 1135 alarum

151 1167 381 1211 marginibus
407 1167 570 1201 dentatis
595 1167 790 1209 (dentibus
825 1177 844 1200 e
879 1166 973 1200 serie
1001 1169 1025 1200 5
1051 1165 1268 1199 cellularum
1295 1162 1494 1206 conflatis).

251 1226 365 1260 Obs.
420 1227 504 1261 Non
540 1227 691 1261 omnino
729 1226 818 1260 certi
860 1236 988 1259 sumus
1029 1236 1074 1258 an
1115 1224 1207 1258 haee
1249 1223 1393 1267 speeies
1430 1220 1593 1264 legitima
1629 1221 1689 1259 sit,

151 1295 235 1319 cum
270 1292 421 1330 propter
449 1286 694 1331 speciminum
732 1291 993 1331 paupertatem
1023 1285 1116 1319 haec
1151 1295 1224 1318 non
1262 1283 1330 1317 rite
1364 1294 1446 1316 cum
1477 1281 1692 1328 Loplaeocolexa

154 1345 416 1380 Gaudiebaudii
434 1346 550 1380 Mont.
570 1346 778 1389 comparari
808 1345 936 1389 possit.
975 1343 1191 1379 Secundum
1220 1342 1409 1386 spe‹·iu1en
1437 1342 1547 1375 liuius
1573 1341 1687 1384 origi-

152 1404 236 1437 nale
265 1405 300 1438 in
331 1405 405 1438 Hb.
436 1405 627 1439 Neesiano
655 1405 804 1439 omnino
832 1405 1003 1438 soliorum
1033 1404 1160 1448 apices
1188 1403 1383 1442 differunt,
1421 1403 1484 1436 sed
1515 1414 1534 1436 e
1562 1403 1690 1436 tabulo

154 1463 374 1508 Montagnei
395 1464 518 1508 colligi
538 1470 673 1509 potest,
698 1465 765 1498 lias
786 1465 932 1508 species
951 1464 1072 1498 forsan
1096 1462 1289 1507 propiores
1310 1472 1393 1495 esse
1413 1473 1522 1506 quan:
1538 1463 1691 1505 plantae

154 1523 308 1557 frustula
339 1524 533 1568 prodeant.

455 1599 488 1630 4.
539 1595 873 1638 Lophocolea
899 1594 1168 1630 Brentelae‘ae·
1196 1594 1390 1628 Gottsehc.

252 1656 295 1690 L.
331 1654 427 1689 caule
452 1654 529 1688 laxe
555 1667 687 1688 ramoso
709 1654 975 1700 procumbente,
1000 1653 1109 1698 soliis
1141 1653 1447 1687 sentit-erlicalibus
1479 1653 1690 1687 ovato-sub-

153 1715 335 1760 qumlrati's
360 1714 481 1761 planis
513 1715 673 1758 τηαν-ρίαν
706 1713 857 1748 ventrali
890 1715 1053 1760 apic-sque
1088 1713 1187 1759 Ion-qe
1221 1713 1525 1747 demota-cilianis
1562 1713 1692 1747 dorsali

153 1787 220 1808 uno
246 1775 395 1809 alter-ore
425 1775 525 1808 dente
551 1773 753 1815 (interdum
782 1773 903 1819 nullo)
944 1775 1113 1815 armatis,
1145 1773 1408 1819 ampbiyastriis
1439 1773 1692 1818 adproaeimatis

153 1847 229 1868 cum
253 1834 361 1880 soliis
393 1834 554 1868 subiectis
590 1833 850 1867 cohaerentibus
891 1832 1159 1867 suborbiculatis
1190 1832 1495 1866 (lentato-eiliutis
1535 1832 1692 1866 dentibus

154 1893 243 1928 binis
268 1894 389 1927 mcrIIis
415 1893 644 1937 [θηρίον-111113,
667 1892 799 1937 ji'uclu
826 1893 1019 1933 terminali,
1052 1892 1254 1937 peritmtbio
1276 1898 1377 1925 ovato
1403 1892 1574 1936 l1·:'qm.¹lto
1597 1891 1692 1925 alato

153 1952 220 1988 alis
245 1966 370 1999 oreque
396 1955 563 1987 ‹lentato-
579 1952 754 1986 lucinium.
775 1972 813 1975 —
849 1951 1015 1985 Gollsclte
1041 1951 1138 1984 Icon.
1167 1951 1260 1996 Hep.
1292 1951 1412 1984 inedit.

256 2012 298 2045 In
329 2013 459 2046 Insula
488 2013 542 2046 St.
573 2012 831 2055 Clutistopliori
861 2011 1028 2054 (Breutel
1055 2010 1093 2043 in
1125 2010 1198 2043 Hb.
1228 2010 1295 2049 G.‚
1326 2009 1385 2050 L.,
1415 2009 1479 2051 Lg.
1507 2014 1544 2041 et
1573 2004 1650 2055 Ν.)Δ

254 2071 471 2117 Propinqua
523 2076 579 2105 cst
616 2070 850 2117 Lophoi-oleae
884 2070 1122 2115 Orbiynianae
1167 2069 1285 2103 Mont.
1332 2068 1397 2102 sed
1442 2069 1563 2102 diss'crt
1609 2069 1687 2103 evi-

155 2131 304 2166 denter:
333 2132 440 2166 caule
468 2132 623 2173 laxiore,
656 2134 761 2172 1-Ιέ
787 2132 873 2175 poll,
903 2131 1026 2173 longo,
1055 2130 1171 2170 nudo,
1199 2140 1319 2173 neque
1341 2139 1387 2162 ex
1413 2129 1691 2172 amphigastriis

157 2191 372 2233 radieante,
408 2191 505 2225 foliis
541 2202 560 2225 e
597 2191 677 2225 basi
714 2191 835 2224 latiori
871 2200 1071 2234 parumper
1099 2188 1310 2232 angustatis
1337 2188 1531 2232 magisque
1558 2188 1691 2227 ovatis,

157 2251 194 2284 in
226 2256 382 2295 utroque
419 2251 585 2293 margine
614 2262 635 2284 a
665 2250 743 2284 basi
772 2249 818 2283 ad
855 2249 999 2293 apicem
1039 2249 1216 2282 dentibus
1251 2251 1273 2282 3
1292 2269 1306 2274 -
1325 2252 1347 2281 4
1374 2247 1532 2281 se;a‹:eis
1570 2248 1692 2290 longis

158 2311 380 2354 aequalibus
409 2310 753 2355 aequidistantibus
780 2320 799 2342 e
827 2308 984 2352 simplici
1013 2309 1230 2342 cellularum
1252 2307 1346 2341 serie
1373 2309 1587 2345 exstructis,
1615 2312 1691 2341 tum

157 2368 238 2412 ipso
268 2369 374 2413 apice
404 2370 500 2403 binis
535 2369 590 2407 (in
619 2369 756 2403 adultis
783 2368 989 2413 quaternis)
1027 2367 1211 2401 similibus
1245 2366 1327 2400 sinu
1360 2367 1494 2400 obtuso
1526 2366 1692 2400 din-emtis

157 2428 356 2472 praeditis,
385 2429 663 2473 amphigastriis
690 2428 788 2462 soliis
815 2427 926 2472 triplo
954 2427 1174 2467 minoribus,
1201 2426 1371 2460 similiter
1397 2424 1512 2459 urnis
1536 2430 1687 2468 quater-

157 2488 261 2522 nisve
298 2488 474 2533 utrinque
510 2488 607 2522 ciliis
645 2488 806 2530 ornatis,
853 2497 1011 2531 quarum
1052 2486 1126 2520 duo
1163 2485 1374 2519 terminalia
1410 2483 1577 2525 longiora
1608 2483 1690 2516 sinu

157 2548 292 2582 obtuso
320 2547 552 2581 discreta.—-
572 2547 831 2582 Perianthium
860 2546 1068 2585 terminale,
1096 2545 1161 2579 sed
1188 2543 1429 2579 innovatione
1458 2543 1503 2575 ad
1529 2542 1690 2586 speciem

157 2607 313 2641 laterale
340 2607 586 2651 triquetrum,
614 2618 676 2641 ore
705 2604 860 2647 trilobo,
897 2605 991 2640 iobis
1020 2605 1127 2647 longe
1155 2602 1535 2638 dentato-laciniatis.
1587 2602 1691 2636 Folia

157 2667 402 2701 involucralia
439 2666 698 2710 subquadrata
734 2666 873 2700 circum
910 2665 1009 2698 circa
1047 2664 1155 2708 longe
1182 2662 1508 2701 ciliato-dentata,
1542 2661 1688 2704 amplii-

156 2724 338 2767 gastrium
375 2724 641 2768 perichaetiale
679 2725 1001 2769 subquadratum,
1044 2723 1229 2763 bilobum,
1269 2721 1363 2755 loliis
1399 2719 1563 2763 undique
1597 2720 1692 2757 ciliis

157 2784 276 2828 longis
302 2784 539 2818 fimbriatum.
587 2784 697 2825 Bina,
725 2795 823 2828 quae
851 2787 1071 2828 sequuntur,
1099 2782 1204 2826 paria
1226 2778 1579 2824 subperiehaetialia
1596 2777 1721 2811 foliis-

156 2843 324 2886 margine
364 2843 500 2878 dorsali
541 2847 618 2877 toto
657 2842 817 2883 cuiatis,
861 2841 1289 2886 amphigastriorumque
1331 2839 1448 2873 forma
1487 2837 1605 2880 magis
1645 2837 1690 2870 ad

156 2903 374 2945 pericbaetii
402 2902 568 2937 habitum
598 2902 792 2936 accedunt.
