1824 3252
751 177 993 221 Plagiochila.
1558 187 1629 218 655

212 289 356 322 Habitu
391 294 428 323 et
453 289 623 323 foliorum
653 290 770 324 forma
798 291 863 324 Pl.
891 291 1073 325 deltot‘deae
1101 293 1292 336 proxima,
1328 294 1393 328 sed
1428 294 1525 329 foliis
1556 307 1628 330 non

114 347 276 381 dentatis
304 359 371 381 nec
397 349 530 382 ciliatis
558 350 604 382 ab
635 350 704 383 hac
731 355 767 384 et
794 352 840 383 ab
869 351 952 385 aliis
980 352 1170 390 affinibus,
1205 358 1280 387 toto
1306 353 1434 388 habitu
1461 359 1498 388 et
1523 355 1631 389 folio-

114 417 195 439 rum
221 406 338 441 forma
366 408 462 442 aPl.
489 407 774 453 stibinteye7·7·ivza
799 416 836 444 et
861 413 1042 455 var-ieyata
1068 412 1216 446 diversa
1243 418 1310 448 est.
1348 403 1630 459 (Lindenberg.)

114 510 149 542 p.
177 502 236 533 55.
359 503 404 534 83
422 511 452 535 c.
486 503 825 547 Plagiochila
850 503 1213 549 stromlnffolia
1236 506 1383 549 Taylor.

212 570 273 604 Pl.
301 571 396 605 caule
418 579 564 617 repente,
591 573 699 606 ramis
721 573 995 606 adscendentibus
1015 587 1094 619 vaye
1117 577 1272 617 ramosis,
1297 577 1445 611 ramulis
1467 578 1631 623 elonyatis

112 630 279 675 supremis
292 631 536 675 fascic-ulmis,
563 631 666 674 foliis
699 631 893 665 imbricatis
916 633 1107 668 semiovatis
1131 637 1282 669 conveoee's
1307 637 1441 682 defleris
1472 637 1626 672 obtusiu-

112 690 215 723 sculz's
249 689 393 723 breviter
425 690 680 724 decurrentibus
709 690 844 736 patulis
880 692 1038 736 maryine
1069 694 1219 727 ventrali
1249 698 1444 731 ‘rotundatis
1476 699 1631 743 apieeque

106 750 252 794 parcius
284 749 517 794 inaequaliter
541 750 707 790 dentatis,
746 750 876 784 dorsali
907 753 1009 785 rectis
1040 751 1237 798 subiwgflem's
1260 756 1490 799 inteyerrimis
1513 756 1564 789 vel
1587 758 1632 790 ad

111 808 242 853 apicem
273 808 507 849 denticulatis,
538 809 669 853 fructu
705 810 743 842 in
778 810 1001 851 dic-liotomia,
1036 812 1235 857 periantliio
1269 821 1387 856 ovato,
1429 815 1487 848 ala
1518 815 1627 857 nulla,

112 878 168 899 ore
192 868 337 901 dentato.

304 927 509 968 Plagiocbila
534 927 763 960 strombisolia
790 928 910 963 Lelim.
943 929 1034 973 Pzzy.
1065 930 1175 965 VIII.
1197 944 1236 977 p.
1263 935 1297 966 5.

304 987 574 1027 Jungermannia
600 987 829 1019 strombifolia
859 987 992 1034 Taylor
1020 989 1111 1035 Hep.
1138 997 1288 1025 amaret.
1316 992 1350 1025 iu
1379 992 1627 1026 Lond.Jom·n.

387 1044 431 1089 qf'
449 1044 514 1078 bot.
546 1048 647 1079 1844.
666 1057 704 1090 p.
733 1048 815 1079 578.
841 1059 875 1080 π.
901 1051 936 1081 6.

208 1102 367 1136 Habitat
401 1104 437 1137 in
473 1104 587 1137 Terra
622 1116 692 1138 van
729 1105 886 1139 Diemen
936 1107 1117 1150 (Hooker
1142 1107 1224 1151 jun.
1261 1112 1297 1141 et
1332 1109 1442 1142 Gunn
1476 1110 1513 1143 in
1551 1110 1626 1143 Hb.

114 1161 288 1203 Greville,
315 1163 421 1206 Tayl.
449 1168 484 1197 et
511 1164 585 1208 G.).

210 1221 333 1256 Caules
363 1222 705 1267 bi-tripollicares‚
734 1234 846 1267 saepe
874 1225 1108 1265 innovantes,
1137 1227 1236 1259 unde
1264 1227 1565 1261 fructificationes
1591 1229 1628 1262 in

110 1279 335 1315 dichotomia
370 1287 481 1326 atque
519 1282 567 1315 ad
602 1283 762 1326 speciem
798 1283 971 1324 laterales
1007 1283 1104 1316 duae
1139 1285 1192 1317 vel
1221 1290 1308 1325 tres,
1335 1286 1520 1319 interdum
1547 1287 1625 1320 fru-

110 1343 264 1374 staneae
290 1340 543 1376 inveniuntur.
595 1342 700 1375 Folia
727 1343 867 1384 patula,
894 1345 1006 1376 ovata
1028 1343 1083 1376 vel
1103 1346 1493 1388 ovato-trapezoidea‚
1521 1347 1629 1381 dorso

109 1398 272 1433 breviter
308 1399 563 1442 decurrentia,
604 1405 732 1434 ventre
774 1401 820 1434 ad
862 1401 1022 1435 medium
1060 1402 1135 1435 fere
1172 1403 1248 1436 folii
1287 1414 1307 1436 a
1342 1405 1447 1437 caule
1483 1405 1626 1440 soluta:

108 1459 277 1502 prostypi
314 1459 492 1502 marginis
529 1461 706 1494 ventralis
745 1461 901 1503 longiori
935 1466 1054 1494 tractu
1083 1461 1119 1494 in
1146 1468 1272 1496 ventre
1299 1463 1415 1496 caulis
1443 1464 1626 1499 videntur.

115 1516 249 1560 Margo
277 1520 445 1562 superior
471 1520 650 1553 ventralis
676 1520 802 1563 paullo
829 1525 1016 1560 arcuatus,
1043 1525 1065 1554 5
1083 1520 1128 1553 ad
1148 1524 1171 1554 9
1197 1523 1372 1555 dentibus
1398 1523 1628 1566 longitudine

111 1581 148 1609 et
181 1577 386 1612 directione
419 1579 683 1622 inaequalibus
719 1585 884 1612 armatus
925 1579 961 1612 in
1000 1579 1142 1623 apicem
1180 1581 1431 1615 rotundioren]
1469 1589 1621 1617 trunca-

111 1640 256 1675 tumve‚
291 1640 313 1670 3
337 1658 352 1663 -
377 1640 400 1671 4
427 1638 602 1672 dentibus
636 1638 864 1682 praeditum,
899 1638 1072 1672 decurrit.
1142 1640 1275 1682 Margo
1308 1641 1466 1674 dorsalis
1499 1643 1625 1685 paullo

111 1696 285 1740 obliquus
314 1702 378 1730 aut
403 1698 536 1740 planus
563 1702 639 1738 aut,
667 1698 765 1742 quod
784 1698 933 1741 saepius
956 1699 1006 1738 fit,
1033 1699 1134 1732 tenui
1162 1700 1272 1733 limbo
1299 1701 1472 1741 reflexus,
1501 1713 1628 1735 versus

111 1756 254 1799 apicem
288 1756 386 1790 binis
421 1758 476 1791 vel
513 1757 647 1797 ternis,
683 1757 870 1791 interdurn
907 1757 1038 1797 nullis,
1075 1758 1252 1791 dentibus
1289 1760 1465 1793 munitus.
1523 1761 1627 1794 Folia

110 1816 250 1850 floralia
277 1816 437 1857 maiora;
466 1816 564 1861 folia
596 1815 825 1849 imolam-alia
857 1816 1000 1850 foveola
1031 1817 1133 1850 basin
1161 1818 1359 1860 periantliii
1387 1819 1627 1864 excipienda,

110 1875 323 1918 ceteroquin
340 1875 555 1911 conformia.
585 1876 750 1919 margine
773 1876 926 1909 ventrali
947 1887 1077 1909 versus
1097 1877 1273 1918 angulum
1294 1878 1426 1911 baseos
1454 1879 1627 1912 dentibus

110 1934 345 1977 propioribus
374 1935 676 1979 longioribusque
705 1941 861 1968 armata.
905 1935 1157 1968 Periuutltium
1185 1935 1317 1969 lineum
1347 1937 1507 1979 longum,
1534 1949 1625 1970 ova-

110 1998 206 2034 tum,
233 1994 825 2038 concaviusculo-compressum,
854 1995 912 2028 ala
941 1995 1062 2035 nulla,
1103 1995 1272 2029 carinula
1301 2001 1443 2029 tantum
1480 1998 1514 2029 in
1548 1998 1627 2030 basi

109 2057 282 2096 angusta,
310 2064 372 2087 ore
398 2054 668 2087 denticulatum
696 2060 765 2089 est.

206 2113 317 2147 Obs.
372 2114 503 2148 Differt
540 2126 562 2148 a
599 2114 663 2148 Pl.
689 2114 875 2155 deuotam,
912 2114 1102 2157 proxima,
1138 2118 1279 2147 statura
1316 2115 1478 2152 laxiore,
1517 2116 1628 2147 ramis

110 2172 315 2215 elongatis,
351 2174 449 2207 foliis
477 2175 597 2208 minus
625 2180 724 2208 arcte
752 2174 977 2213 imbricatis,
1015 2173 1135 2206 minus
1169 2173 1406 2206 verticalibus
1435 2173 1540 2215 apice
1567 2173 1624 2205 di-

109 2231 348 2272 vergentibus
375 2243 446 2266 non
475 2233 676 2267 undulatis.

109 2335 146 2368 p.
172 2328 232 2359 55.
333 2328 376 2359 83
393 2325 428 2358 d.
462 2326 800 2370 Plumae-hila
825 2322 1146 2368 stolouujfeoeu
1173 2323 1289 2365 Ldbg.
1318 2329 1354 2357 et
1381 2324 1572 2358 Gottsche.

206 2385 269 2419 Pl.
304 2384 400 2418 caule
431 2391 587 2430 repente,
631 2386 741 2418 ramis
782 2384 1059 2418 adscendentibus
1091 2384 1258 2428 flexuosis
1292 2383 1477 2416 clieleotome
1509 2385 1628 2418 divisis

107 2443 334 2490 stoloniferis,
364 2444 469 2490 jbliis
509 2445 672 2489 consertis
704 2443 985 2477 subverticalihus
1018 2444 1289 2476 ovato—rotundis
1313 2446 1466 2478 convexis
1502 2445 1629 2478 obtusis

107 2504 300 2549 patentibus
333 2505 491 2548 maryiue
524 2502 653 2537 dor-sali
686 2502 753 2536 late
784 2503 920 2548 refleoeis
958 2502 1205 2546 irite9e1·rimis‚
1248 2502 1400 2536 ventrali
1433 2505 1629 2538 rotundatis

108 2563 331 2609 subrepandis
365 2565 520 2610 apiceque
554 2561 786 2607 inaequaliter
816 2561 984 2601 dentatis,
1021 2561 1277 2594 innovationum
1300 2561 1406 2606 foliis
1437 2564 1546 2596 ovatis
1570 2562 1627 2596 ob—

110 2623 434 2657 ovato—euneatisve
462 2622 741 2669 bi-trispinosis‚
764 2621 894 2667 fructu
921 2646 929 2655 .
1198 2612 1203 2617 ¹

181 2680 196 2713 ἶ)
223 2684 255 2721 β,
283 2684 372 2714 soliis
398 2683 613 2725 longioribus
641 2682 920 2724 ovato-ellipticis
947 2682 1064 2713 acutis.

387 2740 554 2775 Liebman
580 2741 657 2775 Iter
682 2741 858 2774 „Meoeieam
885 2739 1006 2773 incdit.

208 2799 368 2833 Habitat
393 2800 429 2833 in
449 2800 600 2834 Mexico
628 2800 674 2833 ad
691 2799 998 2843 Sempoaltepec;
1027 2809 1103 2833 var.
1133 2798 1153 2836 β
1182 2798 1227 2831 ad
1257 2798 1455 2832 Huatusco
1481 2798 1627 2831 crescit.

211 2857 402 2892 Accedens
437 2859 484 2892 ad
511 2859 619 2903 Play.
647 2866 911 2899 sarmentosam,
946 2856 1148 2891 deltoicleam
1184 2861 1220 2890 et
1256 2856 1465 2897 bahiensem,
1500 2859 1625 2891 tamen

111 2918 158 2952 ab
185 2917 316 2952 iisdem
346 2917 438 2951 bene
465 2917 738 2961 distinguenda.
