<?xml version="1.0" encoding="UTF-8"?>
<!DOCTYPE html PUBLIC "-//W3C//DTD XHTML 1.0 Transitional//EN"
    "http://www.w3.org/TR/xhtml1/DTD/xhtml1-transitional.dtd">
<html xmlns="http://www.w3.org/1999/xhtml" xml:lang="en" lang="en">
 <head>
  <title>
</title>
<meta http-equiv="Content-Type" content="text/html;charset=utf-8" />
  <meta name='ocr-system' content='tesseract 3.04.00' />
  <meta name='ocr-capabilities' content='ocr_page ocr_carea ocr_par ocr_line ocrx_word'/>
</head>
<body>
  <div class='ocr_page' id='page_1' title='image "./synopsishepatica00gott_0019.png"; bbox 0 0 1824 3252; ppageno 0'>
   <div class='ocr_carea' id='block_1_1' title="bbox 860 189 918 219">
    <p class='ocr_par' dir='ltr' id='par_1_1' title="bbox 860 189 918 219">
     <span class='ocr_line' id='line_1_1' title="bbox 860 189 918 219; baseline 0.034 -2"><span class='ocrx_word' id='word_1_1' title='bbox 860 189 918 219; x_wconf 91' lang='lat' dir='ltr'>XI</span> 
     </span>
    </p>
   </div>
   <div class='ocr_carea' id='block_1_2' title="bbox 127 302 1670 2722">
    <p class='ocr_par' dir='ltr' id='par_1_2' title="bbox 127 302 1656 1290">
     <span class='ocr_line' id='line_1_2' title="bbox 127 302 1649 368; baseline -0.002 -15"><span class='ocrx_word' id='word_1_2' title='bbox 127 307 226 354; x_wconf 82' lang='lat' dir='ltr'>iam</span> <span class='ocrx_word' id='word_1_3' title='bbox 269 304 480 352; x_wconf 81' lang='lat' dir='ltr'>traditas</span> <span class='ocrx_word' id='word_1_4' title='bbox 516 304 720 359; x_wconf 83' lang='lat' dir='ltr'>factam,</span> <span class='ocrx_word' id='word_1_5' title='bbox 759 304 812 349; x_wconf 88' lang='lat' dir='ltr'>in</span> <span class='ocrx_word' id='word_1_6' title='bbox 850 321 955 368; x_wconf 87' lang='lat' dir='ltr'>qua</span> <span class='ocrx_word' id='word_1_7' title='bbox 992 305 1267 367; x_wconf 82' lang='lat' dir='ltr'>pleraeque</span> <span class='ocrx_word' id='word_1_8' title='bbox 1304 303 1511 366; x_wconf 86' lang='lat' dir='ltr'>plantae</span> <span class='ocrx_word' id='word_1_9' title='bbox 1550 302 1649 351; x_wconf 92' lang='lat' dir='ltr'>He-</span> 
     </span>
     <span class='ocr_line' id='line_1_3' title="bbox 129 395 1646 463; baseline -0.003 -16"><span class='ocrx_word' id='word_1_10' title='bbox 129 399 328 463; x_wconf 86' lang='lat' dir='ltr'>paticae</span> <span class='ocrx_word' id='word_1_11' title='bbox 364 397 428 446; x_wconf 87' lang='lat' dir='ltr'>ad</span> <span class='ocrx_word' id='word_1_12' title='bbox 453 397 734 463; x_wconf 83' lang='lat' dir='ltr'>specimina</span> <span class='ocrx_word' id='word_1_13' title='bbox 758 397 1128 451; x_wconf 80' lang='lat' dir='ltr'>herbariorum,</span> <span class='ocrx_word' id='word_1_14' title='bbox 1165 395 1404 459; x_wconf 81' lang='lat' dir='ltr'>inprimis</span> <span class='ocrx_word' id='word_1_15' title='bbox 1428 396 1646 443; x_wconf 83' lang='lat' dir='ltr'>herbarii</span> 
     </span>
     <span class='ocr_line' id='line_1_4' title="bbox 132 490 1648 555; baseline -0.002 -15"><span class='ocrx_word' id='word_1_16' title='bbox 132 493 523 548; x_wconf 76' lang='lat' dir='ltr'>Lehmannz&#39;ani,</span> <span class='ocrx_word' id='word_1_17' title='bbox 566 491 1013 555; x_wconf 69' lang='lat' dir='ltr'>Lindenbergiani,</span> <span class='ocrx_word' id='word_1_18' title='bbox 1055 490 1383 538; x_wconf 72' lang='lat' dir='ltr'>Gottscleeam&#39;</span> <span class='ocrx_word' id='word_1_19' title='bbox 1421 496 1532 536; x_wconf 89' lang='lat' dir='ltr'>tum</span> <span class='ocrx_word' id='word_1_20' title='bbox 1554 492 1648 537; x_wconf 78' lang='lat' dir='ltr'>mei</span> 
     </span>
     <span class='ocr_line' id='line_1_5' title="bbox 128 582 1649 649; baseline -0.002 -18"><span class='ocrx_word' id='word_1_21' title='bbox 128 585 280 632; x_wconf 86' lang='lat' dir='ltr'>etiam</span> <span class='ocrx_word' id='word_1_22' title='bbox 322 584 545 649; x_wconf 90' lang='lat' dir='ltr'>proprii,</span> <span class='ocrx_word' id='word_1_23' title='bbox 595 593 711 649; x_wconf 89' lang='lat' dir='ltr'>post</span> <span class='ocrx_word' id='word_1_24' title='bbox 755 585 959 635; x_wconf 89' lang='lat' dir='ltr'>obitum</span> <span class='ocrx_word' id='word_1_25' title='bbox 1012 601 1182 632; x_wconf 88' lang='lat' dir='ltr'>meum</span> <span class='ocrx_word' id='word_1_26' title='bbox 1229 583 1464 630; x_wconf 87' lang='lat' dir='ltr'>herbario</span> <span class='ocrx_word' id='word_1_27' title='bbox 1512 582 1649 646; x_wconf 85' lang='lat' dir='ltr'>regio</span> 
     </span>
     <span class='ocr_line' id='line_1_6' title="bbox 131 676 1649 743; baseline -0.001 -19"><span class='ocrx_word' id='word_1_28' title='bbox 131 678 445 726; x_wconf 86' lang='lat' dir='ltr'>Berolinensi</span> <span class='ocrx_word' id='word_1_29' title='bbox 489 696 552 726; x_wconf 85' lang='lat' dir='ltr'>ex</span> <span class='ocrx_word' id='word_1_30' title='bbox 594 680 764 743; x_wconf 83' lang='lat' dir='ltr'>legato</span> <span class='ocrx_word' id='word_1_31' title='bbox 811 696 921 726; x_wconf 91' lang='lat' dir='ltr'>meo</span> <span class='ocrx_word' id='word_1_32' title='bbox 968 677 1250 732; x_wconf 86' lang='lat' dir='ltr'>inserendi,</span> <span class='ocrx_word' id='word_1_33' title='bbox 1293 694 1321 723; x_wconf 85' lang='lat' dir='ltr'>a</span> <span class='ocrx_word' id='word_1_34' title='bbox 1362 676 1649 731; x_wconf 74' lang='lat' dir='ltr'>Gottsclteo,</span> 
     </span>
     <span class='ocr_line' id='line_1_7' title="bbox 131 768 1652 837; baseline -0.003 -18"><span class='ocrx_word' id='word_1_35' title='bbox 131 772 510 837; x_wconf 77' lang='lat' dir='ltr'>Limlenbergz’o</span> <span class='ocrx_word' id='word_1_36' title='bbox 553 781 603 819; x_wconf 91' lang='lat' dir='ltr'>et</span> <span class='ocrx_word' id='word_1_37' title='bbox 645 783 815 822; x_wconf 77' lang='lat' dir='ltr'>memet</span> <span class='ocrx_word' id='word_1_38' title='bbox 872 773 985 837; x_wconf 90' lang='lat' dir='ltr'>ipso</span> <span class='ocrx_word' id='word_1_39' title='bbox 1039 772 1208 818; x_wconf 90' lang='lat' dir='ltr'>denuo</span> <span class='ocrx_word' id='word_1_40' title='bbox 1260 769 1532 817; x_wconf 82' lang='lat' dir='ltr'>recensitae</span> <span class='ocrx_word' id='word_1_41' title='bbox 1587 768 1652 815; x_wconf 84' lang='lat' dir='ltr'>ad</span> 
     </span>
     <span class='ocr_line' id='line_1_8' title="bbox 131 865 1653 930; baseline 0 -20"><span class='ocrx_word' id='word_1_42' title='bbox 131 871 394 919; x_wconf 85' lang='lat' dir='ltr'>naturam,</span> <span class='ocrx_word' id='word_1_43' title='bbox 443 882 718 929; x_wconf 86' lang='lat' dir='ltr'>quousque</span> <span class='ocrx_word' id='word_1_44' title='bbox 770 865 822 912; x_wconf 91' lang='lat' dir='ltr'>id</span> <span class='ocrx_word' id='word_1_45' title='bbox 869 867 977 913; x_wconf 90' lang='lat' dir='ltr'>fieri</span> <span class='ocrx_word' id='word_1_46' title='bbox 1020 865 1217 930; x_wconf 83' lang='lat' dir='ltr'>potuit,</span> <span class='ocrx_word' id='word_1_47' title='bbox 1272 870 1653 919; x_wconf 85' lang='lat' dir='ltr'>enumerantur,</span> 
     </span>
     <span class='ocr_line' id='line_1_9' title="bbox 134 957 1651 1023; baseline 0 -21"><span class='ocrx_word' id='word_1_48' title='bbox 134 973 308 1004; x_wconf 84' lang='lat' dir='ltr'>earum</span> <span class='ocrx_word' id='word_1_49' title='bbox 345 957 614 1021; x_wconf 85' lang='lat' dir='ltr'>diagnoses</span> <span class='ocrx_word' id='word_1_50' title='bbox 650 960 715 1007; x_wconf 88' lang='lat' dir='ltr'>ab</span> <span class='ocrx_word' id='word_1_51' title='bbox 751 958 953 1023; x_wconf 85' lang='lat' dir='ltr'>integro</span> <span class='ocrx_word' id='word_1_52' title='bbox 991 964 1364 1013; x_wconf 85' lang='lat' dir='ltr'>restaurantur,</span> <span class='ocrx_word' id='word_1_53' title='bbox 1410 972 1651 1020; x_wconf 81' lang='lat' dir='ltr'>generum</span> 
     </span>
     <span class='ocr_line' id='line_1_10' title="bbox 132 1049 1656 1101; baseline -0.001 -4"><span class='ocrx_word' id='word_1_54' title='bbox 132 1067 378 1098; x_wconf 91' lang='lat' dir='ltr'>novorum</span> <span class='ocrx_word' id='word_1_55' title='bbox 416 1052 730 1100; x_wconf 85' lang='lat' dir='ltr'>characteres</span> <span class='ocrx_word' id='word_1_56' title='bbox 768 1054 934 1101; x_wconf 86' lang='lat' dir='ltr'>multo</span> <span class='ocrx_word' id='word_1_57' title='bbox 977 1052 1304 1101; x_wconf 86' lang='lat' dir='ltr'>correctiores</span> <span class='ocrx_word' id='word_1_58' title='bbox 1348 1049 1656 1097; x_wconf 88' lang='lat' dir='ltr'>exhibentur</span> 
     </span>
     <span class='ocr_line' id='line_1_11' title="bbox 132 1142 1656 1212; baseline -0.003 -20"><span class='ocrx_word' id='word_1_59' title='bbox 132 1153 181 1192; x_wconf 89' lang='lat' dir='ltr'>et</span> <span class='ocrx_word' id='word_1_60' title='bbox 216 1145 498 1209; x_wconf 88' lang='lat' dir='ltr'>specierum</span> <span class='ocrx_word' id='word_1_61' title='bbox 540 1147 710 1210; x_wconf 84' lang='lat' dir='ltr'>generi</span> <span class='ocrx_word' id='word_1_62' title='bbox 747 1147 938 1212; x_wconf 89' lang='lat' dir='ltr'>cuique</span> <span class='ocrx_word' id='word_1_63' title='bbox 970 1147 1318 1195; x_wconf 86' lang='lat' dir='ltr'>subiectarum</span> <span class='ocrx_word' id='word_1_64' title='bbox 1345 1160 1521 1192; x_wconf 86' lang='lat' dir='ltr'>census</span> <span class='ocrx_word' id='word_1_65' title='bbox 1545 1142 1656 1189; x_wconf 87' lang='lat' dir='ltr'>fun-</span> 
     </span>
     <span class='ocr_line' id='line_1_12' title="bbox 133 1238 1050 1290; baseline 0.004 -4"><span class='ocrx_word' id='word_1_66' title='bbox 133 1238 387 1287; x_wconf 86' lang='lat' dir='ltr'>damentis</span> <span class='ocrx_word' id='word_1_67' title='bbox 421 1240 722 1288; x_wconf 87' lang='lat' dir='ltr'>certioribus</span> <span class='ocrx_word' id='word_1_68' title='bbox 757 1242 1050 1290; x_wconf 86' lang='lat' dir='ltr'>instruitur.</span> 
     </span>
    </p>

    <p class='ocr_par' dir='ltr' id='par_1_3' title="bbox 136 1329 1663 2053">
     <span class='ocr_line' id='line_1_13' title="bbox 267 1329 1657 1389; baseline -0.005 -7"><span class='ocrx_word' id='word_1_69' title='bbox 267 1334 426 1389; x_wconf 88' lang='lat' dir='ltr'>Cum,</span> <span class='ocrx_word' id='word_1_70' title='bbox 471 1336 566 1382; x_wconf 90' lang='lat' dir='ltr'>hoc</span> <span class='ocrx_word' id='word_1_71' title='bbox 610 1335 823 1383; x_wconf 88' lang='lat' dir='ltr'>consilio</span> <span class='ocrx_word' id='word_1_72' title='bbox 859 1334 991 1382; x_wconf 91' lang='lat' dir='ltr'>inter</span> <span class='ocrx_word' id='word_1_73' title='bbox 1035 1333 1224 1381; x_wconf 86' lang='lat' dir='ltr'>amicos</span> <span class='ocrx_word' id='word_1_74' title='bbox 1259 1331 1411 1387; x_wconf 90' lang='lat' dir='ltr'>inito,</span> <span class='ocrx_word' id='word_1_75' title='bbox 1457 1329 1657 1377; x_wconf 87' lang='lat' dir='ltr'>labores</span> 
     </span>
     <span class='ocr_line' id='line_1_14' title="bbox 136 1423 1656 1494; baseline -0.004 -19"><span class='ocrx_word' id='word_1_76' title='bbox 136 1426 479 1475; x_wconf 86' lang='lat' dir='ltr'>distribuendi</span> <span class='ocrx_word' id='word_1_77' title='bbox 526 1436 705 1486; x_wconf 88' lang='lat' dir='ltr'>essent,</span> <span class='ocrx_word' id='word_1_78' title='bbox 752 1429 978 1494; x_wconf 86' lang='lat' dir='ltr'>placuit,</span> <span class='ocrx_word' id='word_1_79' title='bbox 1034 1436 1092 1476; x_wconf 92' lang='lat' dir='ltr'>ut</span> <span class='ocrx_word' id='word_1_80' title='bbox 1141 1425 1517 1490; x_wconf 76' lang='lat' dir='ltr'>Lindenbergz‘o</span> <span class='ocrx_word' id='word_1_81' title='bbox 1562 1423 1656 1470; x_wconf 87' lang='lat' dir='ltr'>soli</span> 
     </span>
     <span class='ocr_line' id='line_1_15' title="bbox 136 1517 1659 1588; baseline -0.005 -20"><span class='ocrx_word' id='word_1_82' title='bbox 136 1528 398 1568; x_wconf 88' lang='lat' dir='ltr'>manerent</span> <span class='ocrx_word' id='word_1_83' title='bbox 447 1529 560 1570; x_wconf 90' lang='lat' dir='ltr'>tum</span> <span class='ocrx_word' id='word_1_84' title='bbox 602 1522 964 1588; x_wconf 76' lang='lat' dir='ltr'>Plagioclzz&#39;lae</span> <span class='ocrx_word' id='word_1_85' title='bbox 1011 1538 1193 1585; x_wconf 86' lang='lat' dir='ltr'>genus,</span> <span class='ocrx_word' id='word_1_86' title='bbox 1248 1519 1394 1568; x_wconf 91' lang='lat' dir='ltr'>cuius</span> <span class='ocrx_word' id='word_1_87' title='bbox 1434 1517 1659 1563; x_wconf 83' lang='lat' dir='ltr'>illustra-</span> 
     </span>
     <span class='ocr_line' id='line_1_16' title="bbox 136 1608 1660 1682; baseline -0.005 -20"><span class='ocrx_word' id='word_1_88' title='bbox 136 1615 328 1663; x_wconf 89' lang='lat' dir='ltr'>tionem</span> <span class='ocrx_word' id='word_1_89' title='bbox 356 1617 827 1682; x_wconf 82' lang='lat' dir='ltr'>monographicam,</span> <span class='ocrx_word' id='word_1_90' title='bbox 863 1615 941 1662; x_wconf 91' lang='lat' dir='ltr'>uti</span> <span class='ocrx_word' id='word_1_91' title='bbox 975 1614 1129 1669; x_wconf 86' lang='lat' dir='ltr'>scitis,</span> <span class='ocrx_word' id='word_1_92' title='bbox 1165 1613 1373 1660; x_wconf 90' lang='lat' dir='ltr'>Bonnae</span> <span class='ocrx_word' id='word_1_93' title='bbox 1403 1608 1660 1657; x_wconf 89' lang='lat' dir='ltr'>sumtibus</span> 
     </span>
     <span class='ocr_line' id='line_1_17' title="bbox 139 1704 1658 1772; baseline -0.002 -18"><span class='ocrx_word' id='word_1_94' title='bbox 139 1708 315 1772; x_wconf 89' lang='lat' dir='ltr'>Henry</span> <span class='ocrx_word' id='word_1_95' title='bbox 349 1716 399 1755; x_wconf 88' lang='lat' dir='ltr'>et</span> <span class='ocrx_word' id='word_1_96' title='bbox 434 1709 610 1756; x_wconf 90' lang='lat' dir='ltr'>Cohen</span> <span class='ocrx_word' id='word_1_97' title='bbox 645 1708 825 1764; x_wconf 88' lang='lat' dir='ltr'>edidit,</span> <span class='ocrx_word' id='word_1_98' title='bbox 860 1716 972 1756; x_wconf 88' lang='lat' dir='ltr'>tum</span> <span class='ocrx_word' id='word_1_99' title='bbox 1011 1723 1129 1754; x_wconf 91' lang='lat' dir='ltr'>vero</span> <span class='ocrx_word' id='word_1_100' title='bbox 1164 1706 1317 1752; x_wconf 87' lang='lat' dir='ltr'>etiam</span> <span class='ocrx_word' id='word_1_101' title='bbox 1362 1704 1658 1752; x_wconf 73' lang='lat' dir='ltr'>Triclcoma-</span> 
     </span>
     <span class='ocr_line' id='line_1_18' title="bbox 140 1795 1661 1863; baseline -0.004 -14"><span class='ocrx_word' id='word_1_102' title='bbox 140 1804 425 1851; x_wconf 78' lang='lat' dir='ltr'>noidearum</span> <span class='ocrx_word' id='word_1_103' title='bbox 460 1802 750 1858; x_wconf 84' lang='lat' dir='ltr'>subtribuS,</span> <span class='ocrx_word' id='word_1_104' title='bbox 794 1801 939 1848; x_wconf 92' lang='lat' dir='ltr'>cuius</span> <span class='ocrx_word' id='word_1_105' title='bbox 975 1799 1350 1863; x_wconf 87' lang='lat' dir='ltr'>monographia</span> <span class='ocrx_word' id='word_1_106' title='bbox 1384 1799 1449 1845; x_wconf 83' lang='lat' dir='ltr'>ab</span> <span class='ocrx_word' id='word_1_107' title='bbox 1484 1795 1661 1844; x_wconf 90' lang='lat' dir='ltr'>eodem</span> 
     </span>
     <span class='ocr_line' id='line_1_19' title="bbox 140 1894 1663 1958; baseline -0.004 -16"><span class='ocrx_word' id='word_1_108' title='bbox 140 1903 189 1942; x_wconf 91' lang='lat' dir='ltr'>et</span> <span class='ocrx_word' id='word_1_109' title='bbox 231 1896 503 1944; x_wconf 77' lang='lat' dir='ltr'>Gottsclzeo</span> <span class='ocrx_word' id='word_1_110' title='bbox 540 1896 830 1958; x_wconf 87' lang='lat' dir='ltr'>conjunctis</span> <span class='ocrx_word' id='word_1_111' title='bbox 867 1894 1053 1942; x_wconf 87' lang='lat' dir='ltr'>studiis</span> <span class='ocrx_word' id='word_1_112' title='bbox 1090 1898 1397 1958; x_wconf 85' lang='lat' dir='ltr'>praeparata</span> <span class='ocrx_word' id='word_1_113' title='bbox 1441 1907 1562 1938; x_wconf 88' lang='lat' dir='ltr'>mox</span> <span class='ocrx_word' id='word_1_114' title='bbox 1600 1906 1663 1937; x_wconf 82' lang='lat' dir='ltr'>ex</span> 
     </span>
     <span class='ocr_line' id='line_1_20' title="bbox 141 1987 1165 2053; baseline 0 -18"><span class='ocrx_word' id='word_1_115' title='bbox 141 1987 315 2036; x_wconf 84' lang='lat' dir='ltr'>eadem</span> <span class='ocrx_word' id='word_1_116' title='bbox 344 1988 564 2041; x_wconf 61' lang='lat' dir='ltr'>,officina</span> <span class='ocrx_word' id='word_1_117' title='bbox 605 1989 657 2037; x_wconf 92' lang='lat' dir='ltr'>in</span> <span class='ocrx_word' id='word_1_118' title='bbox 708 1991 876 2038; x_wconf 90' lang='lat' dir='ltr'>lucem</span> <span class='ocrx_word' id='word_1_119' title='bbox 915 1987 1165 2053; x_wconf 89' lang='lat' dir='ltr'>prodibit.</span> 
     </span>
    </p>

    <p class='ocr_par' dir='ltr' id='par_1_4' title="bbox 143 2079 1670 2607">
     <span class='ocr_line' id='line_1_21' title="bbox 281 2079 1666 2149; baseline -0.004 -20"><span class='ocrx_word' id='word_1_120' title='bbox 281 2082 652 2149; x_wconf 77' lang='lat' dir='ltr'>Lindenbergz‘z‘</span> <span class='ocrx_word' id='word_1_121' title='bbox 688 2090 738 2130; x_wconf 89' lang='lat' dir='ltr'>et</span> <span class='ocrx_word' id='word_1_122' title='bbox 780 2083 1045 2132; x_wconf 76' lang='lat' dir='ltr'>Gottsclaeez&#39;</span> <span class='ocrx_word' id='word_1_123' title='bbox 1081 2079 1340 2129; x_wconf 88' lang='lat' dir='ltr'>communi</span> <span class='ocrx_word' id='word_1_124' title='bbox 1385 2095 1540 2142; x_wconf 85' lang='lat' dir='ltr'>opera</span> <span class='ocrx_word' id='word_1_125' title='bbox 1585 2093 1666 2124; x_wconf 85' lang='lat' dir='ltr'>ex-</span> 
     </span>
     <span class='ocr_line' id='line_1_22' title="bbox 143 2171 1664 2238; baseline -0.003 -15"><span class='ocrx_word' id='word_1_126' title='bbox 143 2175 312 2238; x_wconf 86' lang='lat' dir='ltr'>posita</span> <span class='ocrx_word' id='word_1_127' title='bbox 331 2183 405 2222; x_wconf 88' lang='lat' dir='ltr'>est</span> <span class='ocrx_word' id='word_1_128' title='bbox 425 2177 757 2226; x_wconf 74' lang='lat' dir='ltr'>,subulearum</span> <span class='ocrx_word' id='word_1_129' title='bbox 780 2176 1062 2230; x_wconf 89' lang='lat' dir='ltr'>subtribus,</span> <span class='ocrx_word' id='word_1_130' title='bbox 1091 2181 1233 2222; x_wconf 83' lang='lat' dir='ltr'>vasta</span> <span class='ocrx_word' id='word_1_131' title='bbox 1259 2173 1351 2221; x_wconf 84' lang='lat' dir='ltr'>illa</span> <span class='ocrx_word' id='word_1_132' title='bbox 1381 2171 1664 2236; x_wconf 87' lang='lat' dir='ltr'>specierum</span> 
     </span>
     <span class='ocr_line' id='line_1_23' title="bbox 144 2264 1668 2332; baseline -0.004 -16"><span class='ocrx_word' id='word_1_133' title='bbox 144 2269 483 2317; x_wconf 89' lang='lat' dir='ltr'>multitudine</span> <span class='ocrx_word' id='word_1_134' title='bbox 533 2279 582 2317; x_wconf 90' lang='lat' dir='ltr'>et</span> <span class='ocrx_word' id='word_1_135' title='bbox 630 2270 912 2318; x_wconf 82' lang='lat' dir='ltr'>formarum</span> <span class='ocrx_word' id='word_1_136' title='bbox 956 2270 1006 2316; x_wconf 89' lang='lat' dir='ltr'>in</span> <span class='ocrx_word' id='word_1_137' title='bbox 1062 2278 1169 2316; x_wconf 89' lang='lat' dir='ltr'>tam</span> <span class='ocrx_word' id='word_1_138' title='bbox 1226 2266 1397 2332; x_wconf 88' lang='lat' dir='ltr'>parvis</span> <span class='ocrx_word' id='word_1_139' title='bbox 1449 2264 1668 2313; x_wconf 84' lang='lat' dir='ltr'>mirifica</span> 
     </span>
     <span class='ocr_line' id='line_1_24' title="bbox 144 2360 1668 2428; baseline -0.003 -21"><span class='ocrx_word' id='word_1_140' title='bbox 144 2361 387 2410; x_wconf 85' lang='lat' dir='ltr'>varietate</span> <span class='ocrx_word' id='word_1_141' title='bbox 431 2362 754 2411; x_wconf 82' lang='lat' dir='ltr'>difficillima.</span> <span class='ocrx_word' id='word_1_142' title='bbox 850 2363 1016 2427; x_wconf 87' lang='lat' dir='ltr'>Igitur</span> <span class='ocrx_word' id='word_1_143' title='bbox 1068 2379 1200 2428; x_wconf 87' lang='lat' dir='ltr'>quae</span> <span class='ocrx_word' id='word_1_144' title='bbox 1264 2361 1357 2408; x_wconf 87' lang='lat' dir='ltr'>hac</span> <span class='ocrx_word' id='word_1_145' title='bbox 1415 2360 1467 2407; x_wconf 91' lang='lat' dir='ltr'>in</span> <span class='ocrx_word' id='word_1_146' title='bbox 1521 2363 1668 2423; x_wconf 83' lang='lat' dir='ltr'>parte</span> 
     </span>
     <span class='ocr_line' id='line_1_25' title="bbox 146 2449 1670 2521; baseline -0.004 -19"><span class='ocrx_word' id='word_1_147' title='bbox 146 2456 313 2519; x_wconf 89' lang='lat' dir='ltr'>operis</span> <span class='ocrx_word' id='word_1_148' title='bbox 362 2456 586 2504; x_wconf 89' lang='lat' dir='ltr'>eminent</span> <span class='ocrx_word' id='word_1_149' title='bbox 635 2456 852 2521; x_wconf 87' lang='lat' dir='ltr'>reliquis</span> <span class='ocrx_word' id='word_1_150' title='bbox 897 2456 1223 2521; x_wconf 82' lang='lat' dir='ltr'>perfectiora,</span> <span class='ocrx_word' id='word_1_151' title='bbox 1276 2472 1334 2502; x_wconf 87' lang='lat' dir='ltr'>ea</span> <span class='ocrx_word' id='word_1_152' title='bbox 1378 2452 1549 2501; x_wconf 86' lang='lat' dir='ltr'>omnia</span> <span class='ocrx_word' id='word_1_153' title='bbox 1593 2449 1670 2498; x_wconf 91' lang='lat' dir='ltr'>his</span> 
     </span>
     <span class='ocr_line' id='line_1_26' title="bbox 147 2549 1380 2607; baseline 0 -12"><span class='ocrx_word' id='word_1_154' title='bbox 147 2549 295 2596; x_wconf 86' lang='lat' dir='ltr'>sociis</span> <span class='ocrx_word' id='word_1_155' title='bbox 332 2551 584 2606; x_wconf 84' lang='lat' dir='ltr'>laborum,</span> <span class='ocrx_word' id='word_1_156' title='bbox 624 2567 714 2598; x_wconf 88' lang='lat' dir='ltr'>nec</span> <span class='ocrx_word' id='word_1_157' title='bbox 752 2551 892 2607; x_wconf 84' lang='lat' dir='ltr'>mihi,</span> <span class='ocrx_word' id='word_1_158' title='bbox 932 2550 1208 2598; x_wconf 84' lang='lat' dir='ltr'>tribuenda</span> <span class='ocrx_word' id='word_1_159' title='bbox 1244 2558 1380 2597; x_wconf 90' lang='lat' dir='ltr'>sunt.</span> 
     </span>
    </p>

    <p class='ocr_par' dir='ltr' id='par_1_5' title="bbox 282 2653 1670 2722">
     <span class='ocr_line' id='line_1_27' title="bbox 282 2653 1670 2722; baseline -0.004 -18"><span class='ocrx_word' id='word_1_160' title='bbox 282 2658 336 2704; x_wconf 91' lang='lat' dir='ltr'>ln</span> <span class='ocrx_word' id='word_1_161' title='bbox 378 2658 588 2722; x_wconf 81' lang='lat' dir='ltr'>reliquis</span> <span class='ocrx_word' id='word_1_162' title='bbox 627 2675 837 2722; x_wconf 90' lang='lat' dir='ltr'>quoque</span> <span class='ocrx_word' id='word_1_163' title='bbox 876 2658 1111 2721; x_wconf 88' lang='lat' dir='ltr'>partibus</span> <span class='ocrx_word' id='word_1_164' title='bbox 1148 2658 1283 2706; x_wconf 89' lang='lat' dir='ltr'>curis</span> <span class='ocrx_word' id='word_1_165' title='bbox 1320 2657 1444 2704; x_wconf 89' lang='lat' dir='ltr'>meis</span> <span class='ocrx_word' id='word_1_166' title='bbox 1481 2653 1670 2702; x_wconf 86' lang='lat' dir='ltr'>relictis</span> 
     </span>
    </p>
   </div>
   <div class='ocr_carea' id='block_1_3' title="bbox 152 2748 1670 2816">
    <p class='ocr_par' dir='ltr' id='par_1_6' title="bbox 152 2748 1670 2816">
     <span class='ocr_line' id='line_1_28' title="bbox 152 2748 1670 2816; baseline -0.001 -21"><span class='ocrx_word' id='word_1_167' title='bbox 152 2748 288 2796; x_wconf 87' lang='lat' dir='ltr'>haud</span> <span class='ocrx_word' id='word_1_168' title='bbox 333 2752 498 2799; x_wconf 89' lang='lat' dir='ltr'>omnis</span> <span class='ocrx_word' id='word_1_169' title='bbox 542 2760 713 2800; x_wconf 88' lang='lat' dir='ltr'>tamen</span> <span class='ocrx_word' id='word_1_170' title='bbox 766 2753 1019 2801; x_wconf 87' lang='lat' dir='ltr'>sociorum</span> <span class='ocrx_word' id='word_1_171' title='bbox 1070 2769 1225 2816; x_wconf 88' lang='lat' dir='ltr'>opera</span> <span class='ocrx_word' id='word_1_172' title='bbox 1269 2751 1670 2802; x_wconf 83' lang='lat' dir='ltr'>desiderabatur,</span> 
     </span>
    </p>
   </div>
  </div>
 </body>
</html>
