1824 3252
782 163 945 198 Radula.
1557 165 1627 198 727

201 279 398 323 Caespites
433 278 532 319 laxi,
571 278 818 314 ssavo-fusci.
870 278 993 312 Cautes
1017 281 1040 312 3
1067 298 1083 304 -
1113 280 1136 311 4
1162 276 1285 321 pollio.
1313 275 1434 320 longi,
1471 276 1559 311 folio
1592 283 1630 310 et

108 341 231 376 lobulo
269 340 442 384 utrinque
479 338 684 373 excedente
720 339 898 383 amplexi.
964 337 1112 371 Surculi
1154 336 1402 380 perigoniales
1443 335 1630 377 alternati,

108 400 242 443 singuli
266 399 422 443 singulis
450 398 546 432 foliis
575 398 731 438 adiecti,
769 402 808 435 et
840 398 905 432 vix
931 397 976 431 iis
1004 396 1202 440 longiores.
1256 394 1451 430 Pedicellus
1476 395 1628 439 duplam

106 459 307 503 perianthii
331 458 599 501 longitudinem
627 458 752 492 habet.
806 457 959 504 Capsnla
985 456 1202 500 cylindrica.

204 518 309 551 Obs.
368 518 540 551 Editores
581 517 799 560 Synopseos
842 516 1115 561 Hepaticarum
1153 515 1248 548 hanc
1298 525 1365 558 pro
1410 513 1629 548 varietatem

109 577 271 611 Raclulae
289 576 455 623 pallentis
482 581 730 620 acceperunt,
758 576 822 610 sed
852 575 1051 609 verisimile
1078 585 1269 618 nunquam
1295 573 1544 617 perianthium
1570 572 1627 605 vi-

111 636 262 676 derunt,
299 636 405 669 cuius
433 636 590 669 latitudo
617 636 766 670 omnino
793 635 960 679 plantam
988 633 1256 677 distingueret,
1294 632 1407 666 etiam
1441 632 1470 665 si
1499 631 1630 665 latiora

112 696 250 729 maiora
285 699 322 728 et
356 700 510 729 externe
546 696 723 737 angulata
758 695 846 729 folia
881 699 918 728 et
943 694 1089 728 lobulos
1116 692 1341 736 neglexeris.
1394 691 1631 724 Ramificatio

111 754 264 797 pinnata
299 765 371 788 non
407 754 524 788 solum
561 755 713 798 plantae
746 754 934 787 masculae
967 762 1145 786 concessa
1178 755 1244 785 est.
1298 751 1460 794 Propius
1488 750 1633 784 accedit

113 814 313 847 secundum
341 814 476 857 Taylor
503 814 549 847 ad
578 814 671 847 Racl.
698 813 849 847 volutam
877 812 1104 851 Hiberniae,
1142 811 1206 844 sed
1240 811 1272 844 ei
1301 811 1407 844 deest
1432 810 1631 853 singularis

111 871 176 906 illa
207 874 333 907 voluta
369 873 415 905 ad
452 873 657 915 marginem
700 873 912 907 interiorem
954 872 1089 905 baseos
1129 870 1299 904 foliorum
1338 874 1375 903 et
1411 869 1631 902 lobulorum.

111 928 259 973 (Taylor
284 931 306 964 l.
334 931 386 974 c.)

110 1025 147 1057 p.
173 1018 255 1049 256.
456 1019 477 1048 8
497 1025 529 1050 e.
581 1016 805 1049 Rad'ala
829 1013 1108 1049 Jamesoni
1134 1011 1282 1054 Taylor.

205 1073 255 1107 R.
289 1074 387 1107 caule
420 1073 564 1119 implero
596 1073 836 1119 procumbente
865 1074 1031 1118 pinnato,
1075 1072 1183 1104 ramis
1223 1070 1447 1116 complanatis
1481 1069 1634 1103 brevibus

105 1132 321 1178 patentibus,
346 1133 454 1178 foliis
483 1133 795 1179 snbaclproximatis
828 1132 986 1165 rotundis
1018 1132 1170 1164 recurvis
1201 1129 1463 1164 decurrentibus
1488 1128 1633 1175 planiu-

110 1192 210 1226 scalis
242 1194 398 1238 maryz'ne
429 1193 648 1238 subfleaeaosis
686 1191 943 1236 inteyerrimis‚
981 1188 1090 1223 {obulo
1125 1188 1216 1222 cauli
1250 1189 1376 1222 adnato
1401 1189 1495 1234 apice
1521 1188 1632 1221 trian-

105 1249 382 1296 yulari-oblonyo
406 1251 522 1286 obtuso
547 1252 705 1296 maryine
734 1252 872 1284 inem-vo
899 1249 1121 1282 transversim
1147 1249 1384 1281 adscendente.

301 1312 431 1344 Radula
471 1313 645 1343 Jainesoni
692 1309 793 1355 Tayl.
838 1309 926 1342 Nov.
968 1308 1060 1353 Hep.
1100 1308 1138 1340 in
1178 1307 1288 1340 Lond.
1327 1307 1456 1340 Journ.
1495 1306 1539 1350 of
1568 1305 1632 1339 hot.

390 1361 493 1393 1846.
513 1371 551 1404 p.
579 1361 661 1392 375.
687 1370 722 1391 n.
749 1361 783 1391 3.

206 1417 365 1452 Habitat
400 1418 437 1452 in
473 1418 576 1452 silvis
605 1416 942 1454 Piehinchensibus
973 1414 1158 1449 Peruviae
1194 1414 1387 1458 (Jameson
1425 1423 1461 1446 n.
1488 1414 1560 1446 335
1597 1411 1633 1445 in

111 1476 187 1511 Hb.
216 1477 324 1521 Hk.).

208 1535 401 1579 Caespites
434 1536 532 1576 laxi,
578 1535 823 1579 pallidissime
857 1532 1109 1567 fusco-ssavi.
1171 1533 1308 1567 Cautes
1350 1536 1372 1566 4
1407 1533 1492 1577 poll.
1521 1531 1631 1574 longi,

111 1593 276 1637 pinnati,
327 1595 439 1629 ramis
491 1596 644 1628 alternis
683 1595 949 1628 dissitiusculis
1007 1593 1181 1627 brevibus
1235 1591 1462 1636 patentibus.
1529 1591 1632 1624 Folia

110 1652 241 1695 plana,
283 1653 438 1687 alterurn
467 1655 622 1688 alterum
662 1653 725 1687 vix
757 1658 927 1697 tangens.
978 1652 1145 1687 Lobulus
1178 1651 1322 1685 caulem
1355 1650 1633 1693 transgrediens

108 1711 216 1756 eique
243 1712 456 1756 adpressus.
1136 1712 1149 1728 '

205 1772 367 1805 Radalae
390 1772 586 1806 ramalinae
611 1772 719 1806 valde
747 1771 935 1812 assimilis,
964 1771 1027 1804 sed
1057 1770 1204 1804 lobulus
1222 1769 1272 1803 R.
1300 1768 1494 1802 ramulinae
1519 1768 1633 1801 multo

108 1831 217 1866 latior
244 1836 281 1866 et
306 1832 570 1866 rhomboidalis
597 1837 674 1872 est,
711 1836 747 1865 et
778 1831 953 1875 utrinque
980 1831 1124 1863 caulem
1152 1829 1426 1872 transgreditur
1454 1838 1521 1861 nec
1548 1838 1629 1860 um-

106 1901 216 1934 quam
242 1891 406 1925 tumidus
433 1897 500 1932 est,
528 1892 698 1926 foliorum
727 1891 874 1925 areolae
900 1900 1049 1934 qnoque
1076 1889 1237 1923 maiores
1262 1892 1362 1922 sunt.

106 1985 142 2018 p.
170 1977 253 2008 256.
460 1978 480 2008 8
499 1975 521 2008 f.
572 1975 792 2010 Radula
818 1972 1093 2008 corcliloba
1119 1971 1268 2014 Taylor.

203 2032 253 2066 R.
286 2032 381 2066 caule
412 2034 555 2080 implexo
576 2033 817 2079 procumbente
841 2033 1070 2078 subpinnaw,
1104 2032 1214 2065 ramis
1247 2030 1473 2076 complanatis
1506 2036 1632 2062 erecto—

99 2091 321 2138 patentibus‚
345 2092 451 2138 foliis
477 2093 553 2127 laxe
578 2094 771 2128 imbricatis
794 2093 943 2137 oblonyis
968 2092 1063 2137 apice
1090 2091 1285 2124 rotundatis
1307 2090 1460 2123 recurvis
1485 2089 1632 2132 inteyer-

104 2152 206 2185 rimis
229 2153 506 2194 decurrentibus,
541 2153 664 2187 tubulis
697 2154 848 2187 cordatis
882 2152 996 2185 obtuse
1029 2149 1215 2197 apiculatis
1248 2161 1356 2194 supra
1386 2148 1516 2182 caulem
1547 2159 1631 2192 pro-

108 2210 247 2250 tractis,
279 2212 481 2256 periantlzio
526 2212 672 2246 arillari
712 2211 915 2257 later-alique
954 2210 1061 2244 sessili
1099 2222 1140 2243 ex
1180 2215 1327 2253 anyusta
1363 2207 1521 2250 elongata
1562 2205 1633 2239 basi

105 2271 291 2317 cylinclrico
304 2283 362 2303 ore
374 2282 556 2316 compresso
571 2277 731 2305 truncato
744 2271 971 2304 minutissime
981 2268 1171 2310 crenulato,
1182 2266 1354 2301 involucro
1355 2265 1460 2311 foliis
1470 2265 1631 2299 bret-iore.

298 2330 427 2362 Radula
465 2331 643 2362 cordiloba
690 2329 792 2376 Tayl.
834 2330 923 2363 Nov.
967 2328 1061 2373 Hep.
1100 2327 1138 2360 in
1186 2327 1297 2360 Laud.
1334 2325 1461 2359 Journ.
1496 2324 1541 2369 of
1565 2323 1631 2357 bot.

386 2390 492 2421 1846.
513 2399 551 2433 p.
579 2391 661 2422 375.
688 2400 723 2421 n.
750 2391 786 2422 4.

204 2447 366 2481 Habitat
392 2446 427 2480 in
456 2447 593 2480 Insulis
620 2447 783 2490 pacificis
809 2446 1068 2489 (Nigbtingale
1095 2444 1132 2478 in
1161 2445 1237 2478 Hb.
1266 2444 1376 2488 Hk.).

204 2507 400 2550 Caespites
427 2507 504 2547 lati,
538 2506 849 2540 olivaceo-l'usci.
907 2504 1029 2538 Cautes
1055 2508 1077 2539 4
1095 2525 1110 2531 -
1131 2508 1153 2538 5
1180 2504 1334 2547 pollices
1359 2503 1471 2546 longi.
1521 2502 1629 2536 Rami

109 2578 254 2601 sursum
281 2567 438 2607 curvati,
467 2566 643 2609 pinnulae
671 2567 813 2599 breves.
870 2564 965 2599 Folii
992 2569 1028 2598 et
1055 2563 1169 2598 lobuli
1199 2562 1410 2597 coniunctio
1435 2564 1492 2594 est
1517 2561 1627 2594 deor-

109 2637 189 2661 sum
218 2627 381 2660 sinuata.
434 2625 589 2659 Lobulus
616 2625 792 2659 cordatus
820 2624 963 2658 caulem
993 2623 1221 2666 amplectens
1256 2621 1333 2655 folii
1367 2620 1630 2655 coniunctione

108 2686 340 2720 decurrente.
392 2685 498 2719 Folia
523 2683 748 2718 involucralia
774 2685 861 2724 duo,
889 2687 1026 2723 erecta,
1054 2682 1211 2716 caulinis
1238 2681 1421 2715 breviora.
1462 2678 1629 2726 Calyptra

108 2744 191 2777 basi
226 2744 399 2786 elongata
434 2749 470 2777 et
504 2748 718 2783 contracta,
759 2753 919 2786 superne
958 2742 1133 2785 elliptica.
1195 2740 1345 2786 Capsula
1379 2739 1627 2784 cylindraeea.

109 2803 255 2837 Semina
281 2803 675 2846 augurato-rotunda,
703 2802 829 2836 tunica
857 2800 1044 2845 pellucida
1069 2800 1377 2835 tlavo-olivacea
1402 2810 1528 2834 crassa
1553 2800 1628 2833 cir-

109 2863 304 2903 cumdata‚
348 2873 509 2897 massam
548 2863 745 2897 obscuram
784 2861 940 2895 viridem
983 2861 1211 2895 continente.
1285 2859 1441 2894 Elateres
1487 2857 1625 2903 duplici

107 2921 225 2956 helice
252 2921 390 2956 arctius
417 2923 625 2956 convoluto.
