1824 3252
132 197 207 230 626
781 191 1031 236 Plagiochila.

134 308 340 353 subrigidi,
368 305 504 346 erecti,
533 305 641 350 apice
668 304 801 339 leviter
828 305 1037 348 incurvati,
1063 307 1340 351 pauciramosi,
1368 309 1680 347 innovationibus

132 370 233 405 binis
259 373 325 404 aut
350 379 399 402 ex
427 366 535 410 apice
562 371 627 399 aut
654 365 725 399 sub
741 365 976 410 perichaetio
995 368 1083 401 anni
1102 369 1365 412 praecedentis
1383 370 1676 414 emergentibus.

132 429 241 465 Folia
267 440 286 463 e
314 427 396 461 basi
424 425 644 470 angustiore
673 426 748 460 late
775 432 900 470 ovata,
938 430 960 462 3
989 448 1005 453 -
1034 430 1059 462 4
1084 428 1261 463 dentibus
1288 429 1384 472 latis,
1411 442 1569 476 quorum
1597 437 1674 466 ter-

130 489 282 524 minatis
316 487 505 521 maximus
541 486 672 520 fotium
706 487 962 522 acuminatum
1000 487 1110 529 facit,
1147 493 1313 531 armata;
1348 501 1477 534 margo
1514 492 1678 528 anterior

131 549 263 584 leviter
299 557 477 582 recurvus
512 551 549 580 et
583 545 800 582 decurrens.
852 547 959 581 Folia
986 548 1217 583 molum-alia
1250 554 1396 592 erecta,
1438 551 1616 595 elongata
1641 556 1678 587 et

131 609 318 655 profunde
345 608 513 641 dentata.
566 607 818 641 Periantlaizcm
847 607 1019 642 adultum
1046 608 1283 643 involucrum
1321 621 1392 644 non
1421 610 1593 652 excedit,
1629 621 1677 644 ex

130 674 293 713 angusta
322 667 403 702 basi
430 667 649 711 oblongum,
678 668 810 702 ieviter
838 668 885 702 ad
914 668 1015 703 latus
1032 669 1457 712 alterumiucurvatum‚
1485 682 1548 705 ore
1566 670 1678 705 labiis

130 731 288 765 dentato
305 751 320 756 -
334 728 485 764 cuiatis.

230 789 396 833 Propius
424 788 574 822 accedit
601 787 647 821 ad
678 786 947 832 Playioclu’lam
973 789 1214 836 (Iecipimztevz,
1253 801 1273 823 a
1301 801 1375 836 qua
1401 790 1525 825 differt
1551 790 1675 824 denti-

129 851 319 885 culatione
352 848 521 884 omnium
563 853 599 882 et
634 847 855 882 inferiorum
891 854 927 882 et
963 850 1200 894 superiorum
1236 850 1430 891 soliorum,
1474 861 1679 896 eorumque

128 909 407 946 acuminatione
434 914 471 942 et
497 914 647 952 praeter
674 908 801 943 omnia
830 914 1006 952 textura,
1036 911 1181 945 scilicet
1207 911 1344 945 areolis
1372 911 1545 954 minutis,
1581 912 1675 947 den-

129 973 249 1014 sibus,
285 982 396 1016 aegre
423 969 716 1014 distinguendis.

128 1065 166 1099 p.
194 1056 254 1088 24.
416 1058 482 1088 lc.
534 1054 886 1099 Plumae-hila
915 1055 1216 1090 atroam-ens
1243 1056 1393 1100 Taylor.

229 1115 291 1149 Pl.
329 1115 429 1149 caule
463 1116 637 1161 disperso,
672 1114 822 1148 surculis
855 1116 978 1149 erectis
1011 1116 1167 1149 sccnmlis
1201 1117 1296 1162 (φὴ-(ε
1330 1116 1549 1154 incrassatis,
1570 1115 1679 1161 foliis

128 1184 222 1211 arcte
247 1175 440 1210 imbricatis
473 1177 594 1209 erectis
628 1176 786 1209 secundis
821 1187 861 1208 ex
893 1182 1039 1219 (mynstu
1074 1177 1276 1209 decurrente
1310 1174 1384 1209 basi
1407 1175 1559 1210 obaz-atis
1583 1177 1680 1223 apice

127 1237 515 1282 (Iicaricato-spinosis
548 1237 708 1280 mmysine
742 1235 893 1268 reum-ali
936 1237 1088 1270 dentalis
1122 1235 1254 1269 (lm-wli
1290 1239 1460 1277 recurvis,
1492 1237 1681 1272 involucris

128 1297 352 1337 axillaribzts‚
380 1309 499 1330 eornm
515 1296 625 1342 foliis
650 1295 842 1329 maioribus
869 1295 1053 1329 latim-ibus
1077 1297 1233 1342 spinosis.

323 1357 535 1400 Plagiocbila
564 1359 754 1389 arn-ovimns
787 1355 920 1402 Ταμὼν
948 1357 1038 1390 Nor.
1069 1357 1164 1403 [lep.
1192 1358 1230 1390 'ln
1257 1358 1371 1390 Loml.
1399 1356 1528 1390 Journ.
1556 1355 1678 1401 (ffbot.

413 1408 517 1439 1846.
542 1418 577 1450 11.
606 1408 691 1439 266.
718 1417 753 1438 η.
784 1408 840 1439 17.

224 1463 387 1498 Habitat
412 1465 450 1499 in
469 1465 633 1500 Lichene
660 1465 824 1510 quodam
845 1476 864 1499 e
883 1465 1088 1500 Pichincha
1105 1464 1292 1499 Peruviae
1315 1465 1429 1498 aliato
1448 1464 1676 1506 (Jameson).

228 1525 355 1559 Gaulos
392 1530 598 1569 vagantes,
636 1526 799 1560 obscure
826 1526 979 1568 virides,
1026 1530 1036 1560 1
1071 1547 1086 1552 -
1116 1530 1139 1560 2
1165 1526 1253 1570 poll.
1283 1525 1360 1559 alti.
1412 1524 1520 1559 Folia
1546 1524 1582 1557 in
1611 1535 1677 1558 su-

127 1584 266 1629 periori
294 1591 401 1629 parte
435 1586 555 1631 spinis
583 1586 906 1628 divaricantibus,
944 1587 1010 1622 sed
1046 1586 1216 1630 margine
1253 1585 1427 1620 inferiore
1459 1584 1679 1628 simpliciter

127 1645 294 1680 dentata.

228 1707 405 1749 Statura,
433 1708 565 1742 habitu
599 1713 636 1741 et
670 1708 794 1742 colore
823 1707 885 1741 Pl.
916 1708 1139 1753 decipientem
1173 1706 1305 1747 refert,
1344 1716 1364 1739 a
1401 1717 1475 1751 qua
1510 1704 1678 1748 margine

129 1767 267 1802 dorsaii
302 1780 460 1804 recurvo
499 1769 672 1803 foliorum
711 1772 747 1803 et
782 1768 939 1803 ventrali
975 1768 1132 1802 dentato
1167 1766 1342 1811 foliisque
1363 1765 1470 1810 .ipsis
1497 1764 1677 1799 secundis

129 1828 264 1863 differt.
317 1830 469 1873 (Taylor
496 1830 518 1863 l.
548 1838 598 1872 e.)

128 1911 164 1944 p.
193 1903 252 1934 25.
388 1905 410 1935 2
430 1901 464 1934 b.
516 1902 862 1947 Pltrqae‘oeln'la·
885 1903 1159 1944 punc-tata
1185 1899 1323 1944 Tayior
1349 1899 1424 1933 Ms.

229 1959 292 1994 Pl.
325 1960 422 1994 caule
458 1967 614 2006 repente,
653 1962 764 1994 ramis
798 1960 1080 1995 mlscendmzlihus
1114 1959 1318 1994 allernatim
1351 1958 1499 1992 ramosis
1530 1956 1681 1991 ramulis

128 2032 229 2066 saepe
253 2021 291 2054 in
317 2020 462 2055 stolones
488 2020 602 2065 lonyos
629 2022 837 2061 attenuatis,
860 2021 968 2065 jblie's
993 2019 1249 2054 remotiuseulis
1270 2016 1680 2064 patenti-clivetyemibus

129 2079 462 2115 obovato-cuneatis
486 2080 749 2116 subrotundisve
773 2081 1042 2115 conceaeiuscult'S
1067 2080 1164 2125 apice
1189 2077 1215 2112 2
1232 2098 1247 2103 -
1264 2077 1289 2113 3
1303 2077 1554 2124 -4-5112'71031'5,
1581 2088 1678 2109 mar-

126 2142 208 2185 yt'ne
232 2142 363 2176 dorsali
390 2142 634 2187 inteyerrimis.

324 2202 537 2244 Plagiochila
577 2211 738 2246 punctura
781 2200 914 2248 Taylor
949 2201 1042 2247 Hel).
1076 2206 1229 2234 (mtarct.
1269 2199 1304 2232 itz
1339 2199 1450 2232 Loml.
1485 2196 1616 2231 ἆσαι-η.
1642 2196 1688 2241 (ff

413 2249 479 2284 bot.
497 2253 602 2285 1844.
620 2262 656 2296 p.
670 2253 754 2285 371.
768 2250 829 2283 sub
847 2262 882 2284 n.
901 2253 956 2283 10.
983 2256 1015 2283 et
1030 2249 1142 2283 Loncl.
1157 2248 1284 2282 Jozcrn.
1316 2250 1422 2282 1846.
1442 2258 1480 2292 11·
1492 2248 1576 2280 261.
1591 2257 1626 2278 u.
1643 2248 1679 2279 6.

229 2309 396 2343 Habitat
438 2311 475 2344 in
512 2310 701 2344 Hibernia
736 2322 853 2355 prope
893 2310 1121 2344 Dunkerron
1161 2307 1349 2353 (Taylor)
1387 2310 1424 2342 et
1463 2305 1500 2338 in
1538 2304 1679 2338 Insulis

133 2369 308 2404 Canariis
336 2370 521 2413 (Lemann
549 2370 585 2404 in
618 2371 692 2404 Hb.
722 2371 834 2415 Hk.).

229 2430 359 2464 Affinis
396 2430 459 2466 Pl.
489 2430 700 2477 spinul0sae,
728 2430 794 2465 sed
823 2430 967 2464 differt:
1003 2430 1113 2463 caule
1140 2428 1260 2472 magis
1289 2425 1529 2468 stolonifero,
1566 2425 1679 2460 ramis

131 2501 246 2535 saepe
275 2490 383 2535 apice
410 2491 755 2535 flageliifornubus,
794 2491 896 2526 soliis
932 2490 1008 2524 fere
1043 2487 1317 2534 patentissimis
1343 2486 1512 2529 margine
1539 2485 1680 2519 dorsali

131 2550 256 2584 miuus
284 2551 434 2586 reflexis
472 2551 579 2596 apice
605 2552 684 2586 solo
713 2552 779 2586 sed
808 2551 958 2596 longius
984 2549 1148 2595 spinosis
1185 2552 1226 2582 ut
1252 2552 1288 2581 et
1315 2551 1463 2580 textura
1493 2545 1678 2580 foliorum.

132 2610 177 2644 In
212 2611 383 2654 margine
411 2612 568 2646 ventrali
596 2623 867 2658 nonnunquam
902 2611 995 2646 dens
1022 2620 1121 2644 unus
1154 2608 1213 2642 vel
1243 2608 1336 2641 alter
1363 2605 1521 2640 accedit.
1573 2605 1680 2639 Folia

132 2680 324 2705 ramorum
362 2671 488 2706 medio
522 2675 612 2706 sunt
649 2673 770 2716 magis
805 2672 985 2707 conserta.
1036 2671 1206 2704 Textura
1232 2666 1377 2712 spissa,
1416 2666 1588 2700 maculae
1614 2677 1676 2699 ro-

132 2732 286 2775 tundae,
315 2731 532 2767 interstitiis
560 2733 769 2767 seiunctae.

133 2814 169 2847 p.
199 2806 261 2838 25.
326 2807 395 2839 20.
422 2806 765 2851 Plagioehila
789 2803 1124 2839 hemian-dia
1148 2800 1285 2845 Taylor
1303 2799 1571 2844 etHook.jun.

233 2863 297 2898 Pl.
337 2864 436 2899 caule
473 2865 657 2911 caespitoso
693 2870 804 2898 erecto
840 2875 999 2904 ramoso,
1037 2862 1144 2909 soliis
1183 2867 1279 2895 arete
1318 2858 1513 2894 imbricatis
1551 2862 1678 2891 erecto-

128 2924 334 2970 patentz'bus
358 2926 596 2960 semicordatis
620 2924 922 2970 subinteyerrimis
946 2922 1112 2963 concavis,
1146 2921 1305 2967 maryine
1329 2919 1504 2954 anteriore
1524 2926 1677 2953 recurvo,

126 2985 318 3030 posteriore
343 2984 416 3020 basi
440 2984 591 3030 yibboso.
