1824 3252
739 201 1018 245 Chiloscyphus.
1576 199 1634 231 182

198 328 233 360 Ὺ,
270 324 385 358 tener,
424 318 512 348 soliis
547 315 818 348 cuneiformibus
861 313 1238 350 subulato-bidentatis‚
1274 311 1521 354 ampliigastriis
1558 310 1638 342 sub-·

270 375 548 420 quad1·identati5‚
581 375 712 405 scilicet
737 373 895 405 dentibus
922 372 1116 404 lateralibus
1144 371 1365 403 brevissimis.
1470 362 1476 367 '

224 446 356 479 Forma
382 443 545 488 vulgaris
572 443 609 477 in
640 442 748 476 Nova
763 441 964 475 Zeelandia
991 441 1037 474 ad
1063 444 1207 484 portum
1227 440 1356 482 Dusky
1379 440 1473 482 Bay,
1500 437 1535 470 in
1565 438 1639 471 lus.

127 514 198 537 van
227 503 409 543 Diemen,
450 504 486 536 in
515 502 653 536 Insulis
681 500 877 534 Auckland
912 500 997 540 (Dr.
1026 499 1178 533 Hooker
1199 499 1281 542 jun.
1308 498 1345 531 in
1375 497 1449 531 Hb.
1476 496 1638 539 Taylor).

127 562 309 596 Crescunt
354 562 553 596 varietates
592 559 800 604 promiscue
846 559 939 592 inter
984 569 1130 592 muscos
1168 559 1308 598 Javae,
1364 556 1499 601 quibus
1540 559 1639 589 arcte

127 620 323 655 inhaerent
355 621 521 663 (Blume,
545 617 750 662 Junghuhn
780 616 834 664 [iu
860 622 984 651 monte
1000 617 1146 652 Patuha
1175 617 1237 650 alt.
1258 618 1353 650 4000
1367 612 1469 660 ped.]
1496 615 1532 648 in
1561 614 1637 647 Hb.

128 678 189 721 N„
217 680 274 721 L.‚
300 680 366 722 Lg.
393 683 430 713 et
455 680 536 723 M.).

221 751 326 784 Folia
350 750 577 784 involucralia
605 750 702 793 (sola
728 748 818 781 haec
845 747 977 781 ramuli
1005 745 1199 790 fructiferi)
1225 746 1317 786 duo,
1344 743 1499 786 exigua,
1527 741 1640 775 bifida

127 808 294 852 hyalina,
329 810 376 843 ad
405 809 511 843 basin
538 807 747 852 perianthii.
799 806 1002 840 Periantlaii
1029 805 1146 849 aperti
1174 814 1213 838 os
1239 803 1518 838 denticulatum.
1571 800 1638 833 Pi—

124 867 218 901 stilla
242 871 292 902 5-
305 870 339 901 6.
376 867 624 901 ΡενίαηιΙιίανη
642 866 781 899 fruetus
800 866 1002 909 calyptram
1028 868 1175 898 ovatam
1195 873 1360 907 aequans
1380 864 1445 894 aut
1465 870 1508 894 ea
1527 859 1638 903 paulo

127 927 286 968 brevius,
313 937 376 961 ore
402 925 560 959 subinde
586 925 661 958 fere
688 923 881 958 bilabiata

364 1022 417 1053 17.
472 1018 836 1064 Chiloscyphus
869 1016 1230 1060 leucophyllus
1257 1014 1403 1057 Taylor.

222 1088 285 1123 Cli.
311 1087 409 1122 caule
442 1088 518 1122 laxe
543 1089 726 1134 caespitoso
763 1089 918 1132 elonyato
949 1091 1060 1124 erecto
1085 1085 1296 1125 subt-amosa,
1320 1082 1425 1128 soliis
1450 1081 1639 1115 imbricatis

118 1147 319 1193 patentibus
350 1147 614 1181 convexiusculis
645 1147 919 1192 trianyularibus
951 1144 1132 1191 papillasis
1165 1141 1423 1176 decurrentibus
1455 1152 1530 1173 cum
1563 1150 1638 1171 am-

119 1206 324 1252 plziqastriis
368 1205 519 1250 oblonyis
559 1206 693 1240 coalitis
735 1206 898 1251 utrinque
941 1202 1245 1249 spinoso-dentatis
1282 1201 1437 1243 maryine
1473 1198 1637 1237 recurvis,

121 1264 317 1309 periantltio
341 1264 495 1309 elonyato
529 1264 669 1309 oblonyo
702 1276 887 1309 compresso
920 1262 1104 1303 bilabiato,
1141 1261 1240 1294 labiis
1264 1258 1495 1293 denticulatis.

316 1336 535 1378 Lophocolea
563 1336 777 1379 leucophylla
805 1334 951 1381 Synops.
979 1333 1110 1377 Hepat.
1132 1343 1170 1376 p.
1203 1334 1281 1365 155.
1308 1343 1342 1364 n.
1367 1333 1402 1364 6.

313 1396 579 1436 Jungermannia
614 1396 825 1438 leucophylla
865 1392 997 1439 Ταμὼν
1029 1392 1065 1425 in
1102 1391 1245 1424 Londou
1278 1390 1405 1423 Journ.
1441 1387 1484 1432 ‘f
1503 1386 1636 1430 botany,

402 1455 506 1487 1844.
528 1464 566 1497 p.
594 1456 677 1487 384.
706 1465 741 1487 η.
767 1456 827 1487 36.

221 1521 381 1556 Habitat
405 1522 443 1556 in
471 1522 610 1556 Insulis
636 1522 855 1564 Auckland,
889 1522 987 1555 unde
1015 1504 1137 1554 attulit
1163 1520 1228 1553 Dr.
1258 1519 1410 1553 Hooker
1431 1519 1511 1561 jun.
1546 1516 1635 1559 (Hb.

124 1582 292 1626 Taylor);
328 1582 365 1615 in
391 1582 505 1615 Terra
531 1581 616 1615 Van
645 1582 802 1615 Diemen
828 1581 922 1624 (Hb.
951 1580 1142 1624 Greville).

219 1652 321 1686 Inter
359 1651 451 1685 alias
491 1651 697 1695 Hepaticas
735 1662 890 1696 repens,
939 1655 1102 1684 saturate
1146 1648 1447 1684 flavo-olivacei
1493 1646 1635 1680 coloris.

124 1710 247 1744 Caules
272 1711 486 1754 pofficares,
519 1721 630 1754 parce
656 1716 693 1745 et
718 1710 970 1753 irregulariter
997 1709 1143 1743 ramosi.
1196 1708 1300 1742 Folia
1325 1712 1361 1741 et
1386 1707 1635 1753 amphiyctstria

122 1769 452 1812 spinoso-dentata
477 1771 643 1813 margine
669 1770 804 1804 dorsali
827 1770 934 1804 valde
952 1772 1158 1803 recurvato.
1204 1766 1463 1813 Inflorescentia
1485 1763 1635 1798 mascula

121 1828 177 1862 vel
198 1828 402 1862 terminalis
427 1829 485 1862 vel
511 1828 548 1862 in
567 1829 689 1862 medio
708 1828 941 1874 ramo;jblia
962 1828 1197 1873 periywzialia
1223 1826 1379 1860 caulinis
1407 1824 1573 1858 breviora
1601 1826 1637 1855 et

122 1887 240 1930 magis
267 1887 485 1928 imbricata,
520 1887 557 1920 in
592 1897 747 1931 quorum
782 1887 897 1920 axilla
924 1886 974 1929 (in
1000 1889 1022 1920 3
1049 1886 1106 1919 vel
1133 1887 1174 1929 4)
1207 1885 1250 1918 cl.
1277 1885 1413 1928 Taylor
1447 1883 1636 1917 antheram

121 1947 266 1980 unicam
293 1947 488 1989 oblongam
517 1946 624 1979 valde
651 1945 831 1978 minutam
858 1945 1039 1988 pedicello
1066 1944 1253 1978 suffultam
1281 1943 1504 1977 observavit.

214 2017 320 2050 Obs.
370 2017 473 2050 Inter
498 2016 755 2059 Lophocoleas
781 2026 866 2059 pag.
884 2019 951 2049 155
971 2014 1216 2060 Lopltocoleam
1242 2012 1634 2059 leucophyllam'l‘aylor

117 2086 135 2107 e
164 2075 248 2108 Van
278 2075 455 2109 Die-mens
482 2075 585 2108 Land
613 2074 898 2119 descripsimus,
925 2084 1021 2119 quae
1047 2074 1083 2107 in
1112 2074 1186 2107 Hb.
1217 2072 1369 2107 Grevill.
1410 2073 1456 2105 ab
1483 2075 1631 2105 auctore

116 2134 263 2168 nomine
288 2134 399 2179 Juny.
419 2133 649 2180 leucoplzyllae
673 2133 849 2176 insignita
877 2138 969 2176 erat,
996 2143 1220 2177 quamquam
1248 2133 1307 2165 vcl
1331 2129 1465 2164 sterilis
1491 2140 1512 2162 a
1538 2138 1631 2161 con—

115 2192 314 2235 generibus
339 2193 495 2227 maculis
521 2192 691 2227 soliorum
727 2192 765 2226 in
798 2192 958 2236 papillas
984 2190 1298 2225 adscendentibus
1333 2191 1425 2223 bene
1458 2185 1630 2230 cognosci

115 2256 250 2295 potest.
302 2252 453 2293 Postea,
479 2262 562 2285 cum
590 2252 682 2286 haec
707 2251 780 2285 iam
804 2251 982 2295 impressa
1003 2255 1138 2290 essent,
1166 2249 1296 2283 litteris
1323 2248 1390 2283 cel.
1411 2246 1546 2290 Taylor
1572 2255 1629 2277 me

115 2311 307 2344 certiorem
336 2311 423 2344 fecit
448 2311 542 2344 hanc
568 2321 674 2344 suam
700 2311 1016 2356 Junyermanniam
1056 2308 1300 2355 leueoplzyllam
1344 2317 1365 2340 a
1397 2305 1441 2338 cl.
1478 2302 1629 2336 Hookcr

114 2370 150 2402 in
179 2370 315 2404 Insulis
342 2370 537 2404 Auckland
572 2371 766 2404 collectam
792 2370 948 2404 eandem
974 2369 1148 2413 'plantam
1178 2378 1260 2401 esse
1294 2377 1337 2399 ac
1370 2365 1468 2398 illam
1497 2373 1515 2396 e
1542 2360 1627 2393 Van

116 2430 410 2465 DiemensLand
439 2430 601 2464 adlatam
626 2429 833 2474 iisdemque
860 2428 956 2463 foliis
983 2427 1176 2472 papillosis
1203 2426 1377 2470 gaudere.
1404 2420 1629 2467 (Gottsclre.)

358 2540 411 2571 18.
467 2536 831 2582 Ghviloscyphus
856 2535 1163 2570 bidentum-s
1190 2533 1236 2565 N.
1265 2532 1310 2565 ab
1339 2531 1381 2565 E.

210 2608 272 2641 Cla.
310 2607 406 2641 caule
439 2614 598 2653 repente,
626 2607 731 2653 foliis
765 2606 1038 2640 horizonzalibus
1067 2604 1363 2639 ovato-czmeatis
1394 2599 1626 2644 iwzte9e›·r1‘mz's

113 2668 207 2712 apice
238 2666 408 2700 truncatis
440 2671 501 2700 aut
533 2665 917 2700 truncato-bidentatis
948 2665 1105 2699 dentibus
1137 2663 1291 2697 brevibus
1324 2661 1450 2698 acutis,
1491 2656 1623 2700 amplii-

110 2725 253 2770 9astriis
279 2724 482 2759 alternatim
507 2737 582 2759 cum
606 2726 764 2771 proximo
778 2725 873 2771 folio
898 2725 1071 2759 ‹lecursive
1095 2723 1285 2757 coniunctis
1293 2719 1414 2766 parvis
1426 2714 1624 2750 orbiculatis

113 2784 226 2830 bifidis
250 2785 414 2829 utrinque
437 2784 650 2827 tridentatis‚
676 2783 942 2818 involucralibus
963 2785 1083 2829 parvis
1109 2781 1235 2828 bifidis,
1256 2776 1454 2825 periantlzio
1470 2773 1622 2807 obeonim

112 2844 264 2889 deprcsso
290 2841 376 2876 laevi
401 2855 459 2877 ore
484 2844 616 2878 triloho.

206 2914 308 2948 Inter
335 2923 482 2948 muscos
512 2913 694 2949 Brasiliae
720 2913 814 2959 (Hb.
843 2913 938 2957 Hp.)
