1824 3252
733 160 980 205 Lophocolea.
1546 167 1614 200 691

97 288 134 323 p.
168 279 245 313 158.
415 278 459 310 12
476 275 511 311 b.
546 276 879 321 Lophocolea
905 277 1153 311 concreta
1178 275 1297 310 Mont.

194 336 240 369 L.
267 334 364 370 caule
387 342 522 382 repente
547 348 628 380 vaqe
646 337 952 382 patenti-ramoso,
967 334 1074 379 foliis
1098 333 1291 370 imbricatis
1314 337 1619 375 semiverticalibus

95 395 213 442 planis
251 395 624 441 semiovato-oblonyis
660 397 828 439 inteqris,
881 394 1143 440 amplziyastriis
1180 394 1289 428 altero
1326 394 1433 430 latere
1468 399 1621 432 connatis

99 454 349 501 renifhrmibus
382 455 496 497 bifidis
528 455 664 489 laciniis
696 453 866 488 subulatis
890 453 964 487 basi
987 455 1149 499 utrinque
1175 455 1274 488 dente
1297 455 1495 500 instructis,
1520 458 1619 502 peri-

99 515 218 549 ambio
245 514 422 549 terminali
446 527 503 548 ore
529 515 695 560 triquetro
722 513 845 555 lobato,
872 512 955 546 lobis
981 513 1341 558 laciniam-dentatis,
1357 515 1463 561 foliis
1486 518 1621 553 involu-

104 573 255 608 cralibus
282 573 512 619 conformibus
536 573 848 618 amphiyastrioque
873 571 1024 618 cctlycino
1047 573 1148 617 bifido
1174 580 1244 607 toto
1267 574 1401 609 ambitu
1427 575 1624 624 laciniisque

100 633 432 668 lineari-subulatis
457 631 680 667 denticulatis
705 644 782 665 cum
800 631 1001 677 pericmtln'o
1027 631 1101 666 bcwi
1126 631 1278 666 tubuloso
1303 633 1447 669 coalitis.

291 693 513 736 Lophocolea
549 702 711 725 concreta
746 691 934 731 Montayn.
974 691 1012 724 in
1037 690 1170 725 Αηηαῖ.
1205 692 1259 725 des
1283 704 1328 727 se.
1363 700 1480 730 natur.
1519 697 1621 731 1845.

376 763 413 796 p.
438 754 522 785 356.
576 750 673 786 Ceut.
701 750 748 785 V.
774 762 809 784 n.
837 753 895 784 το.

197 811 300 845 Inter
334 821 483 844 muscos
521 810 754 844 Borbonicas
797 820 818 843 a
853 810 897 844 cl.
935 809 1140 852 Grateloup
1175 808 1306 843 missos
1340 809 1497 852 plurima
1538 823 1623 847 cum

100 869 313 914 per-ianthio
339 869 505 913 perfecto
532 870 737 912 specimina
763 869 905 903 invenit
932 869 1027 912 Gay.

200 928 320 963 Cauiis
346 933 448 962 arcte
475 939 622 972 repens,
651 929 810 963 uncialis
836 933 873 963 et
893 929 1000 967 ultra,
1031 930 1074 969 175-
1094 927 1182 961 min.
1210 938 1294 961 cum
1320 927 1417 962 foliis
1443 931 1623 974 expansis

101 989 224 1028 latus,
259 999 352 1031 vage
379 987 705 1033 irregulariterque
724 999 905 1022 ramosus.
958 988 1069 1022 Rami
1094 987 1192 1030 longi
1219 988 1426 1032 brevesque
1452 993 1625 1032 patentes

102 1046 322 1081 intermixti.
374 1047 479 1082 Folia
505 1049 657 1082 caulina
686 1048 1073 1082 succubo-imbricata
1100 1047 1385 1081 semiverticalia
1420 1049 1624 1084 semiovata

103 1107 210 1150 apice
238 1107 438 1141 rotundata
469 1107 614 1151 integra
641 1112 677 1141 et
695 1108 932 1151 integerrima
949 1106 1117 1150 margine
1143 1106 1279 1140 dorsali
1307 1107 1344 1140 in
1370 1109 1492 1143 medio
1518 1111 1624 1146 caule

101 1165 352 1200 decurrentia.
401 1166 671 1212 Amphissastria
696 1167 946 1210 subcontigua
972 1166 1184 1200 reniformia
1210 1165 1308 1199 cauli
1335 1167 1513 1210 adpressa
1547 1180 1623 1204 uno

102 1226 217 1260 latere
245 1226 292 1259 ad
321 1225 430 1260 basin
457 1237 541 1259 cum
568 1226 656 1261 folio
683 1226 852 1269 (dextro)
889 1225 1057 1259 subiecto
1084 1236 1149 1268 per
1174 1226 1422 1268 proiecturam
1450 1233 1624 1269 connata,

103 1283 226 1318 medio
254 1284 379 1326 bifida,
407 1285 553 1319 laciniis
582 1285 703 1328 longis
730 1284 915 1318 subulatis
943 1283 1114 1328 utrinque
1137 1284 1245 1317 deute
1266 1284 1378 1318 unico
1396 1285 1496 1328 (raro
1514 1287 1626 1333 binis)

102 1343 313 1384 instructis,
351 1344 422 1377 alia
457 1343 503 1376 ad
533 1343 696 1387 speciem
721 1344 1021 1388 quarlrispinosa.
1073 1344 1183 1377 Color
1209 1343 1624 1381 cinereo-fuscescens.

104 1402 352 1436 Per-icmthium
377 1403 415 1437 in
443 1403 550 1437 caule
577 1403 738 1437 ramisve
765 1403 971 1444 terminale,
1000 1414 1188 1446 magnum,
1214 1403 1517 1448 2mill.longum,
1544 1405 1625 1440 basi

103 1465 226 1501 teres,
268 1473 340 1496 non
370 1462 532 1504 alatum,
573 1474 593 1496 a
621 1463 743 1497 medio
781 1463 827 1496 ad
864 1462 1006 1506 apicem
1042 1461 1284 1506 triquetrum,
1323 1462 1417 1496 iobis
1451 1463 1625 1499 dentato-fl

101 1520 230 1555 incisis
256 1521 502 1556 laciniatisve.
555 1522 660 1556 Folia
689 1521 914 1556 incolum-(clia
940 1526 1051 1555 ovata
1077 1522 1218 1556 maiora
1238 1522 1405 1565 margine
1425 1523 1624 1558 lacinulata

102 1581 449 1625 amphigastrioque
491 1582 674 1625 profunde
713 1582 845 1622 bifido,
889 1580 1038 1614 laciniis
1080 1580 1436 1616 lineari-subulatis
1474 1586 1626 1628 totoque

102 1638 245 1672 ambitu
268 1639 507 1674 denticulatis
544 1651 628 1674 cum
656 1641 864 1684 perianthio
891 1640 1086 1674 concretis.
1140 1640 1307 1687 Calyptra
1332 1641 1494 1685 oblonga
1521 1643 1627 1687 apice

96 1702 207 1741 rupta
235 1698 428 1734 dimidium
457 1699 706 1743 perianthium
736 1711 914 1745 aequans.

197 1758 333 1792 Difl'ert
367 1770 388 1793 a
416 1760 461 1793 L.
489 1759 777 1806 better-ophylloide
812 1761 907 1794 foliis
940 1759 1096 1803 integris
1132 1770 1199 1793 nec
1234 1759 1340 1804 apice
1374 1761 1627 1804 emarginatis,

100 1819 377 1862 amphigastriis
405 1824 441 1852 et
467 1819 649 1854 involucri
676 1830 760 1853 cum
786 1820 995 1863 perianthio
1022 1819 1282 1861 concretione3
1311 1820 1476 1854 sectione
1503 1824 1625 1855 trans-

97 1889 206 1912 versa
242 1879 432 1920 instituta,
479 1879 646 1923 quinque
687 1880 904 1913 cellularum
945 1879 1059 1913 series
1103 1888 1298 1912 numerare
1336 1883 1454 1922 potes.
1518 1879 1551 1913 A
1584 1880 1628 1913 L.

99 1939 288 1984 aequifolia
316 1939 439 1974 differt
465 1940 609 1981 colore,
647 1939 744 1973 foliis
781 1939 903 1983 planis
936 1938 1021 1982 (nec
1058 1938 1257 1982 concavis)
1293 1942 1330 1972 et
1356 1938 1452 1972 foliis
1479 1937 1626 1973 involu-

99 1997 264 2032 cralibus
292 1998 449 2033 caulinis
477 1999 741 2034 conformibus.
793 1999 1016 2042 (Montagne
1043 1998 1065 2032 Ι.
1094 1999 1146 2041 c.)

98 2090 136 2123 p.
165 2082 245 2114 158.
480 2084 536 2115 14.
583 2081 916 2125 Lophocolea
943 2080 1267 2115 coadunata.

100 2139 208 2174 Adde
236 2140 402 2184 Synon.;
431 2139 619 2185 Illontayn.
651 2140 787 2187 νᾶμα-(χε
811 2152 857 2174 au
884 2139 975 2172 Pale
1000 2139 1078 2172 Suel
1103 2139 1132 2173 I.
1154 2150 1193 2183 p.
1219 2140 1303 2172 256.

197 2199 358 2233 Habitat
385 2198 499 2234 etiam
526 2199 563 2232 in
591 2199 684 2233 freto
712 2199 964 2241 Magellanico
993 2198 1241 2241 (Hombron).

102 2292 139 2324 p.
170 2282 251 2315 159.
490 2283 546 2314 15.
586 2282 920 2324 zephae-olea
947 2280 1243 2315 bidentata.

203 2341 296 2377 Var,
324 2351 349 2379 γ
374 2340 489 2374 alatae
515 2340 611 2374 adde
638 2341 695 2379 γ*
725 2343 850 2382 minor,
878 2340 1077 2383 perianthiis
1103 2339 1310 2371 minoribus.

201 2401 361 2435 Habitat
393 2400 431 2434 in
470 2400 623 2433 Mexico
660 2400 760 2444 apud
797 2399 986 2440 Mirador,
1031 2398 1230 2432 Huatusco
1265 2400 1302 2430 et
1338 2395 1491 2439 Colipa,
1534 2396 1631 2430 unde

105 2460 310 2504 reportavit
338 2460 407 2495 cel.
434 2459 629 2493 Liebman.

106 2555 143 2587 p.
174 2546 255 2578 159.
356 2546 402 2578 15
422 2543 460 2578 b.
500 2543 831 2587 Lophocolea
857 2541 1161 2577 terminalis
1186 2539 1307 2583 Ldbg.
1323 2538 1564 2573 etssottsche.

202 2604 246 2637 L.
284 2602 379 2637 caule
413 2609 553 2649 repente
575 2601 956 2647 fitscz'culato-ramoso
991 2600 1124 2645 (ramis
1159 2598 1313 2633 omuibus
1344 2599 1382 2631 in
1407 2598 1535 2643 spicam
1559 2609 1633 2631 ma-

110 2660 237 2695 sculam
265 2661 402 2707 lonyam
439 2662 677 2708 terminatis),
701 2661 808 2706 foliis
843 2660 991 2694 caulinis
1024 2659 1192 2704 contiyuis
1226 2657 1409 2703 quadratis
1438 2655 1490 2689 vel
1519 2662 1633 2690 ovato-

108 2721 289 2767 quadratis
321 2722 540 2756 subsecundis
567 2721 681 2767 bifidis
714 2721 849 2754 laciniis
882 2719 980 2764 Ionye
1011 2719 1198 2765 cuspidatis
1227 2717 1308 2751 sinu
1333 2716 1465 2757 lunato,
1501 2715 1633 2761 amplii-

105 2781 250 2826 9astriis
288 2780 466 2826 bipartitis
504 2781 641 2815 laciniis
675 2780 844 2814 stabiliatis
881 2779 1121 2823 inteyerrimis
1160 2776 1215 2811 vel
1250 2782 1387 2810 externe
1424 2775 1637 2808 unidentatis

111 2838 403 2886 (pet-iymzialz'bus
420 2839 594 2885 bipartitis
609 2840 744 2874 laciniis
757 2838 926 2874 subulatis
940 2839 1082 2884 intem-is
1088 2836 1399 2884 patenti-curvatis
1401 2835 1436 2881 ),
1437 2834 1569 2881 fructu
1580 2859 1587 2868 .
1603 2859 1611 2868 .
1625 2858 1634 2868 .

303 2898 470 2934 Liebman
495 2899 573 2934 Iter
595 2900 774 2935 llffexican.
800 2899 919 2934 incdit.

1268 2975 1364 3008 44*
