1824 3252
738 195 1018 239 Chiloscyphus.
1571 204 1634 234 179

120 318 270 347 recurvo,
305 306 565 352 ampltiyastriis
596 308 741 341 minutis
764 308 916 352 oblonyis
940 308 1053 354 bifidis
1076 309 1241 353 utrinque
1274 311 1428 344 connatis
1453 316 1634 356 seymentis

118 364 285 398 stibulatis
318 371 416 399 extus
446 366 682 407 austeritatis,
712 367 914 411 periantliio
949 366 1090 411 oblonyo
1125 368 1260 411 bissono
1293 368 1543 414 subcomprcsso
1577 385 1634 406 ore

121 422 284 456 laviniaco
297 444 311 448 -
325 423 456 458 cilium.

308 484 574 525 Jnngermanuia
601 484 861 527 pallide—virens
901 483 1032 530 Taylor
1058 484 1190 530 Hepac.
1217 488 1432 520 antarcticae
1457 489 1493 522 in
1524 491 1631 526 Loml.

393 541 522 575 Journ.
552 542 597 586 qs
615 542 752 588 botany.
785 546 885 578 1844.
906 556 945 588 p.
972 546 1055 577 473.
1082 555 1116 576 n.
1134 547 1190 577 43.

215 611 374 645 Habitat
400 612 445 645 ad
467 612 762 646 promontorium
780 614 859 657 Cap
878 614 995 652 Horn,
1022 614 1120 647 unde
1147 616 1272 649 retulit
1303 616 1368 650 Dr.
1389 617 1631 664 Hookerjun.

213 671 404 714 caespites
431 671 516 715 lati,
549 671 686 714 pallide
714 673 986 706 ssavo-virides
1013 674 1069 707 vel
1097 674 1302 707 secundum
1330 676 1440 708 situm
1467 682 1632 714 saturate

119 728 225 762 fusci.
277 728 399 762 caules
425 729 680 772 bipollicares‚
707 741 817 773 parce
846 733 993 774 ramosi,
1021 743 1103 765 cum
1132 732 1228 766 foliis
1255 734 1388 767 lineam
1417 747 1526 770 unam
1552 739 1629 773 lati.

119 787 222 820 Folia
248 788 332 820 laxe
358 787 565 828 imbricata,
592 790 922 832 erecto-patentia,
957 790 1061 833 apice
1090 792 1249 825 rotundo
1271 796 1488 828 truncatove
1520 796 1631 831 dente

119 845 226 878 unico
272 845 439 878 obsoleto
484 851 626 879 armato
673 847 731 879 vel
777 847 812 880 in
865 848 1049 892 plerisque
1093 849 1222 883 leviter
1270 853 1517 895 emarginat03
1561 867 1630 899 ope

117 903 370 946 amphigastrii
412 907 585 937 connata.
648 904 917 950 Ampliiyastria
963 906 1037 940 fere
1085 907 1275 942 dimidiam
1324 910 1442 944 caulis
1489 918 1630 955 partem

117 961 329 1005 aequantia,
348 973 525 1003 concava,
541 962 713 1006 oblonga,
735 963 858 1005 bifida,
879 966 1078 1006 segmentis
1100 967 1269 1008 setaceis,
1294 970 1458 1012 margine
1477 977 1630 1009 externo

116 1021 226 1054 dente
265 1020 429 1053 breviore
469 1025 617 1055 setaceo
657 1022 811 1056 munita.
880 1023 1016 1057 Ramus
1038 1025 1216 1071 fmctifer
1252 1027 1392 1069 brevis,
1437 1030 1533 1065 binis
1571 1036 1628 1067 vel

114 1078 230 1113 ternis
253 1079 405 1122 paribus
438 1079 606 1114 foliorum
634 1086 785 1115 erecto-
802 1081 1083 1125 adpressorum,
1121 1095 1277 1127 quorum
1304 1085 1471 1121 intimum
1500 1094 1521 1124 4
1537 1111 1551 1116 -
1568 1095 1590 1126 5
1613 1115 1625 1119 -

113 1137 340 1178 laciniatum‚
354 1138 521 1172 vestitus.
550 1139 802 1173 Periantliium
818 1142 1136 1184 campanulatum,
1152 1143 1235 1176 hine
1252 1144 1470 1187 profundius
1490 1148 1625 1183 fissum,

391 1234 444 1265 13.
499 1231 865 1278 chilo-§cyphus
890 1243 1175 1279 sum-eperia·
1199 1237 1343 1280 Taylor.

210 1302 271 1336 Ch.
299 1301 393 1335 caule
418 1303 570 1348 disperso
596 1309 736 1349 repente
759 1305 922 1350 simplici,
937 1306 1044 1350 foliis
1070 1307 1260 1341 imbricatis
1279 1310 1478 1353 patentibus
1503 1320 1624 1348 rotun-

112 1362 203 1395 datis
228 1362 476 1406 inteyerrimiS,
503 1361 762 1407 mnpliiyascriis
787 1365 895 1397 ovatis
918 1364 1189 1411 subquadrifldis
1215 1369 1383 1402 connatis.

301 1422 565 1462 Jungermannia
602 1434 782 1465 sui-repens
820 1423 951 1469 Taylor
984 1425 1115 1469 Hepat.
1161 1427 1373 1460 anim-eticae
1406 1428 1442 1461 in
1486 1430 1628 1465 Lomlon

386 1478 517 1513 Journ.
545 1479 588 1524 ⁰f
608 1480 743 1526 botany.
777 1485 877 1520 1844,
902 1494 940 1528 p.
967 1486 1048 1517 475.
1074 1496 1108 1518 η.
1135 1487 1193 1518 46.

210 1550 367 1584 Habitat
392 1549 436 1582 ad
469 1549 770 1584 Promontorium
807 1552 886 1594 Cap
914 1552 1018 1586 Horn
1046 1555 1082 1586 in
1117 1553 1264 1599 Polyoto
1299 1556 1534 1601 massellcmico,
1564 1561 1626 1595 ubi

114 1610 203 1653 legit
230 1610 296 1643 Dr.
325 1609 478 1642 Hooker
498 1609 580 1651 jun.
1182 1610 1184 1613 '

210 1667 334 1701 caules
358 1668 575 1712 plerumque
609 1667 817 1711 simplices,
851 1669 997 1712 supini,
1034 1669 1268 1703 fusco-albi.
1327 1670 1430 1703 Folia
1456 1676 1626 1718 opposita

112 1731 238 1761 ventre
271 1726 536 1770 amphigastrio
569 1725 863 1769 coniunguntur,
899 1727 1010 1761 dorso
1045 1732 1168 1761 autem
1203 1732 1277 1761 tam
1312 1734 1444 1764 exacte
1480 1733 1626 1775 coeunt,

114 1791 152 1819 ut
178 1787 323 1819 difficile
344 1786 443 1818 dictu
472 1785 531 1826 sit,
557 1790 680 1818 utrum
709 1796 836 1819 revera
863 1786 937 1819 sint
963 1790 1124 1820 connata
1152 1797 1220 1819 nee
1248 1797 1305 1821 ne,
1357 1788 1626 1836 Ampbigyastria

112 1845 238 1878 caules
272 1844 492 1890 aequantia,
534 1847 664 1885 ovata,
708 1843 817 1877 bifida
856 1845 1056 1888 segmentis
1091 1845 1274 1878 subulatis
1309 1846 1482 1891 utrinque
1516 1851 1625 1886 dente

112 1902 234 1936 valido
261 1901 449 1945 praeditis.

374 2002 427 2033 14.
481 1998 846 2044 chilo-scyphus
873 2005 1143 2040 expansus
1172 1997 1218 2031 N.
1247 1999 1294 2031 ab
1322 1999 1363 2032 E.

207 2069 271 2103 Cli.
307 2069 402 2103 caule
422 2070 667 2115 procumbente
692 2069 820 2110 divim,
844 2067 951 2112 foliis
975 2067 1312 2102 subhorizontalibus
1336 2076 1627 2110 ovato-rotundis

109 2129 236 2162 obtusis
268 2129 505 2173 inteyerrimis
539 2130 697 2173 ‘maiyine
723 2127 873 2161 ventrali
905 2128 1112 2168 rotundato,
1146 2126 1275 2160 don-sali
1299 2128 1520 2174 rectiusculo,
1553 2146 1625 2167 am-

106 2188 312 2232 pliiyastriis
346 2188 606 2221 decurrentibus
639 2199 716 2220 cum
737 2185 843 2231 soliis
875 2184 1094 2219 subcomzatis
1112 2185 1311 2230 patentibus
1335 2193 1628 2226 ovato-rotundis

110 2244 231 2279 4-6-
248 2246 412 2287 dentatis,
427 2246 560 2290 fructu
586 2271 596 2282 .
625 2273 632 2280 .
661 2272 668 2280 .

301 2305 567 2347 Jungermannia
596 2317 741 2349 expansa
779 2303 902 2338 Lehm.
939 2303 1033 2349 Hep.
1071 2303 1156 2349 Cap.
1189 2303 1227 2336 in
1254 2303 1362 2337 Linn.
1396 2304 1464 2338 IV.
1498 2305 1627 2351 (1829)

380 2375 407 2408 p
434 2366 517 2398 361.
568 2364 664 2408 Puy.
685 2362 738 2409 pl.
766 2362 839 2397 ΙΙΙ.
866 2360 995 2406 (1831)
1017 2374 1053 2408 p.
1068 2364 1127 2396 46.
1179 2362 1341 2396 Gottsclze
1356 2362 1516 2408 Ic.Hep.
1534 2364 1625 2399 ined.

206 2434 350 2468 Crescit
375 2434 413 2468 in
442 2434 700 2469 Promontorio
728 2435 858 2467 Bonae
885 2432 975 2477 Spei
1000 2432 1091 2467 locis
1118 2433 1279 2466 humidis
1305 2443 1336 2466 e.
1364 2444 1397 2476 g.
1424 2433 1461 2467 in
1491 2435 1626 2468 vertice

111 2492 246 2526 montis
266 2493 475 2534 Tabulatis,
502 2493 639 2527 ibidem
655 2493 692 2526 in
709 2493 825 2535 saxis,
842 2493 880 2527 in
898 2497 1021 2528 monte
1035 2493 1289 2536 Teufelsberg,
1308 2493 1624 2531 Loewenriicken‚

112 2549 268 2583 Duitsch
297 2551 412 2586 Kloof
432 2552 604 2596 (Ecklon,
633 2552 777 2596 Pappe,
804 2552 931 2594 Drego
954 2551 992 2586 in
1021 2552 1096 2586 Hb.
1123 2552 1184 2593 L.,
1212 2551 1296 2594 Lg.‚
1325 2551 1374 2589 N,
1400 2555 1435 2585 et
1462 2552 1535 2596 G.).

206 2609 325 2644 Cauiis
349 2616 469 2645 terrae
496 2612 718 2655 adpressus‚
758 2610 1000 2652 radioulosus,
1028 2611 1185 2654 simplex
1213 2610 1270 2644 vel
1296 2609 1508 2643 innovando
1533 2610 1621 2643 sub-

111 2667 317 2703 dichotome
352 2670 516 2712 divisus,
553 2669 929 2714 commessiuscu1us,
966 2670 1176 2712 flexuosus,
1216 2667 1624 2708 uncialis-biuneialis,

112 2726 245 2760 lineam
273 2728 381 2762 latus.
433 2728 536 2763 Folia
562 2730 688 2764 infima
713 2729 997 2771 remotiuscula,
1032 2728 1174 2772 reliqua
1200 2727 1414 2766 imbricata,
1450 2725 1621 2759 subhori-

111 2784 273 2818 zontalia
292 2811 300 2827 ,
340 2787 655 2830 convexiuscula‚
699 2788 1018 2828 ovato-rotunda,
1061 2788 1218 2828 obtusa,
1265 2784 1430 2826 margine
1469 2783 1624 2816 ventrali

112 2845 509 2887 arcuato-rotundato,
537 2847 672 2881 dorsali
701 2847 935 2888 rectiusculo,
966 2846 1222 2888 integerrima,
1249 2843 1434 2878 interdum
1461 2841 1625 2884 repanda

113 2902 168 2935 vel
195 2902 322 2936 leviter
348 2905 599 2948 emarginata,
625 2905 770 2939 viridia.
831 2905 936 2940 Retis
964 2905 1109 2939 areolae
1135 2904 1259 2943 laxae,
1294 2899 1483 2934 rotundae.
1536 2899 1623 2931 Am-

1255 2982 1341 3009 12²
