1824 3252
683 178 989 223 sungennannia.
1524 186 1587 218 119

80 295 233 328 convexis
268 293 484 333 rotundatis,
521 293 616 326 caule
654 294 749 338 apice
772 293 956 327 innovante
988 302 1064 325 cum
1086 290 1194 336 foliis
1218 293 1425 334 semitereti,
1456 295 1587 339 fructu

80 352 255 387 terminali
279 351 318 385 ob
343 352 575 385 innovationes
605 351 815 393 subdorsali,
847 350 1017 385 involucri
1036 349 1142 395 foliis
1173 350 1470 396 lvi-quadrifidis,
1506 353 1589 386 Iobis

79 411 314 457 inaequalibus
331 411 654 456 repando-serratis,
676 409 876 456 periantlzio
900 409 993 443 brevi
1018 407 1105 443 5-6
1118 408 1272 454 -plicato
1289 404 1431 454 ‘anyulis
1450 410 1587 446 obtusis.

266 471 533 512 Juugermannia
559 472 703 501 saxicola
731 469 878 503 Sclirad.
905 468 955 502 N.
979 467 1021 501 ab
1049 468 1096 502 E.
1125 468 1217 514 Hep.
1246 469 1338 504 Eur.
1366 469 1417 502 11.
1440 481 1478 514 p.
1507 473 1587 504 438.

352 527 425 562 111.
446 539 485 573 p.
510 530 593 562 525.
620 527 690 562 IV.
710 540 748 574 p.
776 527 1017 562 XXXVIII.
1045 539 1080 563 n.
1111 530 1164 562 18.
1216 527 1334 561 Ekart
1365 527 1452 573 Syn.
1478 527 1588 571 Juny.

349 599 387 632 p.
413 589 471 620 31.
496 599 531 620 n.
557 589 614 621 47.
642 593 666 620 t.
691 590 725 621 9.
748 587 786 632 f.
812 590 870 622 73.
924 585 1086 620 Gottsche
1113 586 1165 620 Ic.
1193 586 1286 632 Hep.
1314 586 1435 620 inedit.

265 647 531 688 Jungermaunia
557 648 746 690 resupinata
775 645 819 679 L.
849 645 896 679 N.
912 644 953 679 ab
973 645 1020 678 Ε.
1047 645 1141 690 Hep.
1158 645 1249 680 Eur.
1267 646 1296 679 l.
1317 657 1355 691 p.
1370 648 1453 679 243.
1481 657 1514 679 71.
1534 648 1587 679 19.

101 706 191 748 βο),
219 705 352 746 minor,
382 705 469 736 soliis
495 705 568 737 basi
594 706 733 737 saccatis
761 713 857 737 acute
886 705 1018 744 bifidis,
1050 706 1179 736 laciniis
1212 705 1476 748 subaequalibus
1503 717 1588 736 con-

219 763 388 796 formibus
415 765 533 795 acutis.

354 821 401 854 N.
427 820 469 854 ab
496 820 544 854 Ε.
572 822 666 867 Hep.
694 821 786 855 Eur.
814 821 866 855 II.
887 833 926 867 p.
954 825 1035 856 439.

171 878 330 913 Habitat
342 879 377 912 in
389 879 477 913 locis
489 880 666 914 montosis
682 879 935 923 etsubalpinis
946 880 1183 921 Germaniae,
1196 880 1403 922 Helvetiae,
1415 880 1586 920 Succiae,

77 939 307 983 Lapponiae,
326 938 602 972 Groenlandiae
615 939 765 983 (Vah1)‚
793 942 827 980 β,
848 938 885 972 in
903 938 1055 973 Sudetis
1080 939 1170 972 etin
1186 939 1407 973 Eskilatuna
1421 939 1538 984 Lapp.

170 999 263 1032 Cum
290 995 507 1040 perianthiis
533 997 673 1041 primus
699 997 842 1032 invenit
866 997 1080 1031 Thedenius
1107 996 1142 1031 in
1170 998 1355 1032 montibus
1382 999 1586 1033 Gestriciae

74 1069 106 1091 a.
137 1060 248 1096 1535,
285 1054 464 1099 Upsaliae
492 1056 534 1089 C.
563 1056 604 1090 F.
634 1055 794 1100 Nyman.
826 1076 873 1082 —
908 1056 997 1090 Vidi
1024 1057 1060 1091 in
1091 1056 1275 1091 Herbario
1304 1057 1525 1100 Hampeano
1551 1063 1587 1091 et

74 1113 355 1150 Hartmaniano.

169 1173 438 1214 Pei-ianthimn,
474 1172 537 1207 ubi
572 1173 692 1208 caulis
724 1184 773 1208 ex
801 1173 906 1218 apice
933 1172 1210 1208 innovationem
1242 1184 1351 1208 unam
1386 1175 1586 1209 alteramve

73 1233 225 1274 exserit,
252 1232 445 1267 terminale
472 1232 634 1277 quidem,
662 1232 727 1266 sed
755 1233 802 1266 ad
829 1232 990 1277 speciem
1016 1233 1177 1274 dorsale,
1204 1232 1446 1273 adscendens,
1471 1234 1582 1266 semi-

72 1293 168 1327 linea
195 1292 355 1336 longius,
382 1296 547 1333 ovatum,
573 1293 762 1333 obtusum,
788 1292 895 1336 plicis
920 1294 1016 1326 5-6
1042 1290 1182 1335 argutis
1202 1292 1412 1335 praeditum
1439 1292 1585 1335 angulis

72 1356 195 1386 autem
230 1351 324 1385 inter
350 1351 466 1395 plicas
494 1351 700 1385 rotundatis
727 1351 966 1395 obtusisque;
1004 1361 1066 1384 ore
1093 1350 1304 1384 lacinulato.
1354 1350 1459 1384 Folia
1486 1351 1583 1383 invo-

70 1409 217 1445 lucralia
243 1410 398 1444 duorum
425 1410 569 1453 parium
596 1409 812 1451 imbricata,
847 1409 943 1444 foliis
977 1408 1133 1443 caulinis
1160 1409 1272 1452 paulo
1298 1408 1453 1449 minora,
1485 1410 1585 1453 paris

72 1468 257 1503 inferioris
284 1469 371 1508 lata,
397 1467 548 1512 plicata,
576 1469 790 1514 plerumque
816 1469 938 1503 trifida
963 1472 1028 1502 aut
1046 1467 1336 1512 subquadrifida‚
1362 1467 1455 1501 lobis
1475 1477 1586 1510 parce

72 1528 276 1572 obtuseque
312 1527 679 1571 repando-dentatis,
722 1528 904 1572 superiori
937 1532 1047 1562 ovato
1084 1532 1213 1569 acuto,
1253 1526 1372 1561 medio
1408 1526 1585 1559 latissimo

72 1587 269 1621 rotundato
296 1591 332 1620 et
357 1591 520 1620 ventrem
547 1596 676 1620 versus
703 1586 822 1629 magis
848 1587 1013 1629 repando
1037 1586 1196 1620 subinde
1229 1590 1266 1619 et
1291 1585 1514 1619 subdentato
1541 1595 1584 1618 ac

71 1645 220 1687 plicato,
246 1644 370 1678 infimo
388 1645 518 1678 minori
540 1645 747 1679 lanceolato
772 1650 880 1679 acuto
901 1645 1028 1688 patulo
1045 1644 1232 1678 hincinde
1251 1648 1435 1678 serratura
1451 1644 1584 1677 obtusa

72 1703 253 1746 praedito,
279 1703 380 1746 paris
407 1703 590 1737 interioris
617 1703 704 1737 folia
729 1703 890 1744 minora,
917 1703 1112 1743 teneriora,
1140 1703 1431 1742 suborbiculata,
1464 1702 1583 1746 plani-

73 1763 213 1803 uscula‚
242 1762 486 1806 inaequaliter
511 1767 664 1803 serrata,
695 1762 820 1805 bifida,
847 1762 941 1796 lobis
968 1762 1186 1806 aequalibus
1212 1768 1341 1805 argute
1368 1762 1583 1806 cuspidatis.

71 1821 175 1854 Retis
200 1821 369 1854 maculae
395 1825 436 1854 ut
461 1821 498 1854 in
531 1820 627 1855 foliis
658 1831 817 1864 parvae,
853 1820 1035 1854 limitibus
1069 1821 1202 1855 validis
1228 1821 1431 1863 discretae,
1465 1821 1579 1854 inter-

70 1880 255 1914 calaribus
281 1880 345 1913 vix
372 1890 416 1913 ac
442 1890 487 1913 ne
513 1879 576 1913 vix
603 1879 750 1923 quidem
780 1878 1002 1923 conspicuis.
1055 1879 1201 1914 Pistilla
1227 1881 1500 1914 numeravimus
1524 1883 1582 1914 50.

161 1939 327 1973 Adnot.
358 1941 388 1972 l.
442 1937 559 1972 Recte
584 1948 623 1971 se
649 1938 788 1972 habent
813 1938 958 1981 omnia⁷
985 1948 1081 1983 quae
1106 1937 1143 1971 in
1170 1942 1269 1972 tomo
1295 1938 1412 1981 primo
1438 1939 1580 1982 operis:

71 1997 162 2039 „die
189 1997 466 2041 Europaischen
493 1997 772 2031 Lebermoose“
806 1996 993 2041 inscripti,
1033 1997 1069 2030 in
1103 1997 1199 2031 hanc
1225 1998 1385 2041 speciem
1413 1999 1582 2032 animad-

67 2061 263 2096 verteram,
287 2066 357 2090 nec
374 2056 450 2091 scio
465 2067 538 2101 quo
553 2056 691 2090 factum
706 2056 766 2098 sit,
792 2060 833 2090 ut
846 2056 919 2091 alio
930 2061 1095 2100 tempore
1111 2067 1185 2090 rem
1202 2067 1345 2091 omnem
1362 2057 1580 2091 inverterem

68 2117 292 2160 dorsumque
317 2114 478 2149 dicerem
505 2115 568 2160 qui
595 2119 722 2149 venter
747 2115 784 2149 in
810 2116 929 2159 primo
955 2120 1054 2149 tomo
1076 2115 1155 2149 iure
1182 2126 1249 2150 suo
1274 2116 1544 2159 appellabatur.

164 2175 292 2209 Caulis
318 2174 415 2208 haud
432 2175 582 2208 omnino
609 2174 732 2208 nudus
757 2179 814 2208 est
840 2174 1089 2219 radiculisque
1115 2184 1261 2217 expers,
1288 2174 1352 2207 sed
1372 2174 1456 2208 hinc
1480 2174 1578 2215 inde,

68 2231 192 2275 parvis
218 2231 315 2273 licet,
342 2234 589 2267 radicularum
615 2233 716 2269 fibris
742 2234 982 2277 inspergitur,
1012 2233 1110 2278 quod
1137 2232 1278 2276 pridem
1303 2233 1339 2267 in
1355 2233 1578 2268 Sudetorum

66 2292 152 2335 iugo
181 2291 392 2326 observavit
415 2293 619 2335 Flotovius,
648 2292 702 2327 vir
727 2292 976 2328 acutissimus.

160 2349 224 2383 Ad
238 2353 325 2384 not.
361 2354 396 2385 2.
459 2351 579 2386 Locus
619 2351 716 2386 inter
747 2351 1048 2396 Junyermannias
1083 2353 1242 2388 barbatas
1279 2358 1442 2394 nostram,
1480 2363 1577 2386 nunc

65 2410 272 2455 perianthio
310 2410 458 2454 cognito
504 2410 665 2445 maxime
705 2421 892 2455 congruus
933 2411 1090 2447 videtur.
1156 2414 1331 2448 Fructum
1374 2412 1576 2458 perfectum

65 2480 138 2504 non
162 2469 252 2504 vidi.

321 2542 380 2574 91.
431 2541 863 2586 Jemyermannia
887 2543 1186 2579 Michauoeiv’
1212 2542 1324 2577 Web.

158 2599 196 2632 J.
232 2599 493 2646 ampliiyastriis
516 2598 642 2641 nullis,
673 2602 771 2634 caule
795 2601 1020 2636 adscendente
1042 2603 1190 2648 sparsim
1216 2592 1574 2646 2·adiculosofl2›.1·uos‹›

66 2657 161 2701 infr-a
186 2658 314 2703 apicem
327 2658 461 2704 pluries
487 2659 682 2699 innovante,
696 2658 803 2705 foliis
822 2659 1102 2696 subvertit-atibus
1120 2661 1283 2706 confertis
1301 2659 1574 2706 reflexo-patulis

64 2715 135 2749 basi
159 2716 363 2751 subsaccatis
386 2717 630 2762 subquadratis
654 2717 766 2762 l’ffi‘liS
789 2719 869 2752 sinu
893 2727 1038 2763 anqusto
1062 2720 1145 2754 lohis
1177 2718 1381 2753 acutissimis
1411 2716 1570 2753 incurris,

65 2775 328 2810 involueralibus
353 2777 601 2823 conformibus,
627 2778 861 2813 exterioribus
885 2779 1087 2819 serrulatis,
1117 2778 1279 2813 interiori
1303 2777 1452 2814 minore,
1475 2774 1569 2819 peri-

62 2833 180 2867 antltio
215 2835 426 2870 involucrum
461 2837 692 2882 subaequnnte
727 2838 1042 2874 evuli-subclmrato
1076 2838 1192 2873 obtuso
1225 2837 1318 2882 apice
1349 2835 1477 2880 plicato
1512 2845 1568 2866 01'0

50 2892 244 2935 fimbriata.
