1824 3252
195 214 268 248 496
300 196 301 199 Ἰ
877 205 1042 239 Aneuta.

477 321 749 363 Jungermannia
776 320 908 351 sinuata
935 317 1058 351 Dic-ks.
1088 316 1211 364 Crypt.
1237 317 1340 352 Fasc.
1369 317 1421 352 11.
1443 329 1482 363 p.
1513 319 1569 352 16.
1622 316 1732 361 Enyl.

531 379 616 412 Bot.
644 384 669 411 t.
700 379 805 412 1476.

478 440 620 471 Auem-a
647 437 816 470 multifida
845 449 913 470 var.
941 438 962 477 β
989 438 1121 469 sinuata
1148 435 1314 470 Dumort.
1334 436 1465 471 Comm.
1492 436 1559 470 bot.
1579 449 1618 483 p.
1650 438 1729 470 115.

523 496 612 543 Syll.
639 496 822 541 szqmvn.
842 508 881 541 p.
909 498 967 530 85.

473 559 743 600 Jungermannia
769 556 939 589 multifida
966 555 988 595 β
1017 556 1148 587 sinuata
1176 554 1289 587 Hook.
1306 553 1405 587 Brit.
1423 554 1608 598 Junyerm.
1631 560 1655 586 t.
1669 555 1730 587 45.

511 617 549 662 f.
575 620 610 650 2.
661 614 830 650 Lindenb.
857 615 949 660 Hep.
977 614 1071 647 Eur.
1092 626 1130 659 p.
1158 616 1215 647 99.
1268 613 1380 648 Hoolc.
1412 612 1511 646 Brit.
1539 612 1600 646 FI.
1625 612 1674 646 V.
1694 615 1726 646 l.

517 688 558 722 p.
590 678 668 710 125.

479 736 751 777 Jungermannia
795 733 964 767 multifida
1015 731 1140 776 IlIozty.
1178 737 1210 765 et
1249 730 1360 765 Nestl.
1397 730 1453 765 St.
1500 729 1729 775 Voy.-Rlzen.

526 794 578 828 II.
608 807 641 827 n.
673 796 753 828 147.

302 866 323 886 a
341 861 372 895 2,
398 859 568 894 contexta,
596 866 613 885 a
640 854 712 885 basi
740 853 1099 891 divaricato-ramosa,
1125 851 1411 883 suborbiculatim
1439 861 1597 893 expansa,
1623 848 1730 880 deuse

389 915 586 953 intertexta,
621 914 726 944 ramis
761 914 851 956 varie
888 912 1005 945 divisis
1042 911 1320 954 angustioribus,
1368 909 1604 954 superioribus
1637 909 1729 952 apice

390 974 536 1005 dilatatis
563 972 871 1014 subcartilagineiS.

474 1031 522 1065 N.
550 1030 593 1064 ab
620 1030 667 1064 Ε.
695 1030 716 1063 Ι.
744 1042 772 1064 e.
793 1043 832 1076 p.
859 1034 942 1073 44⁴2,
970 1033 1053 1065 443.
1100 1028 1260 1063 Gottsclze
1279 1028 1376 1062 Icon.
1394 1028 1489 1073 Hep.
1514 1027 1636 1061 incdit.
1660 1025 1733 1070 (acl

521 1103 593 1125 var.
622 1093 644 1131 β
669 1091 864 1135 accedeus.)

274 1155 308 1196 β,
336 1150 562 1192 denticulata,
589 1152 792 1183 lineari-aut
818 1151 1182 1192 filiformi-elougata,
1208 1150 1281 1181 laxe
1310 1159 1457 1189 ramosa,
1482 1148 1623 1179 ramulis
1649 1148 1731 1179 bre-

338 1212 438 1244 vibus
465 1210 748 1243 dentisormibus.
1462 1197 1466 1202 ⁸

475 1269 523 1302 Ν
552 1268 595 1302 ab
624 1269 669 1301 E.
699 1267 722 1301 l.
750 1280 778 1301 c.
798 1281 836 1313 p.
865 1270 948 1301 443.

291 1327 454 1362 Habitat
480 1328 518 1361 in
547 1327 656 1371 aquis
682 1326 868 1360 montium
897 1337 1010 1369 supra
1037 1326 1182 1369 lapides
1209 1326 1349 1359 muscis
1374 1325 1581 1367 obductos,
1617 1334 1731 1368 saepe

196 1389 268 1423 sub
297 1398 408 1432 aqua.
460 1386 552 1421 Var.
582 1387 602 1424 β
630 1386 743 1419 etiam
772 1387 818 1420 ad
846 1387 968 1420 fossas
1003 1390 1040 1420 et
1066 1386 1103 1419 in
1131 1386 1249 1429 pratis
1277 1386 1382 1427 udis,
1421 1386 1467 1419 ad
1500 1384 1730 1429 piscinarum

193 1447 384 1490 margines
399 1446 700 1480 exsiccescentes
716 1449 786 1479 etc.
821 1446 1059 1487 Germaniae,
1077 1446 1224 1479 Galliae
1238 1445 1494 1490 (Montagne),
1511 1444 1730 1479 Britanniae

196 1506 428 1547 Hiberniae,
466 1505 598 1539 Novae
634 1504 863 1538 Hollandiae
892 1505 1081 1549 (Sieber),
1119 1505 1301 1539 Brasiliae
1327 1505 1525 1546 (Martius,
1564 1503 1730 1546 Sellow)‚

195 1565 411 1600 Insularum
439 1565 560 1598 Javae
578 1564 768 1609 (Blume)‚
791 1564 987 1598 Jamaicae
1005 1565 1182 1609 (Swartz)
1208 1570 1246 1598 et
1266 1564 1476 1599 Borboniae
1499 1564 1590 1606 (Hb.
1606 1563 1704 1606 Lg.).

393 1664 428 1694 4.
480 1661 705 1694 Ancum-a
732 1659 1059 1695 alternilolva
1084 1659 1220 1702 Taylor
1245 1663 1283 1692 et
1309 1657 1432 1692 Hook.
1455 1659 1536 1702 jun.

292 1732 340 1764 A.
363 1730 496 1776 fronde
534 1732 630 1765 tenui
660 1738 839 1776 prostrata
879 1744 961 1776 ‘voye
998 1743 1137 1765 ramosa
1161 1728 1494 1775 fusco-rqfesoente
1526 1729 1731 1763 alternatim

195 1789 307 1824 lobata
340 1789 423 1824 tobis
449 1790 604 1824 bret-ibus
629 1791 725 1835 apice
751 1793 951 1826 rotundatis
975 1792 1192 1826 unisimmtis
1217 1791 1376 1834 momine
1401 1788 1632 1823 denticulatis.

388 1850 529 1882 Aneura
559 1851 859 1894 (Jungermannia)
887 1853 1089 1885 alteruiloba
1126 1850 1230 1896 Tayt.
1258 1850 1352 1895 Hep.
1379 1856 1529 1883 amaret.
1556 1850 1594 1882 in
1619 1847 1729 1881 Lond.

474 1908 604 1943 Journ.
631 1909 675 1953 of
696 1908 781 1942 Boc.
812 1912 916 1945 1844.
939 1924 978 1957 p.
1005 1913 1090 1945 527.
1117 1922 1152 1943 η.
1179 1913 1237 1944 45.

291 1968 337 2000 In
368 1967 478 2001 Nova
505 1968 711 2001 Zeelandia
739 1968 911 2011 (Hooker
931 1968 1045 2013 jun.).
1261 1968 1263 1970 ’

291 2027 449 2060 Ἑνοηᾱεε
476 2036 588 2069 parce
616 2037 813 2067 ramosae,
840 2026 877 2059 in
907 2028 1076 2070 caespite
1104 2027 1192 2061 laxo
1219 2026 1445 2070 dispositae,
1481 2023 1628 2074 circiter
1655 2027 1730 2057 tres

195 2084 349 2129 pollices
381 2085 515 2127 longae
551 2088 589 2118 et
625 2088 648 2119 2
681 2084 745 2118 lin.
774 2085 894 2125 latae,
937 2086 1071 2119 coloris
1105 2086 1273 2120 eiusdem
1310 2096 1354 2118 ac
1389 2084 1596 2129 specimina
1629 2082 1732 2117 sicca

197 2144 364 2178 Artem-ae
389 2143 606 2188 multifidae,
644 2144 681 2177 in
709 2145 872 2187 speciem
899 2144 1079 2188 pinnatae
1105 2149 1259 2189 propter
1286 2145 1390 2179 lobos
1416 2145 1550 2178 breves
1577 2142 1732 2176 obtusos

195 2203 380 2244 alternos,
415 2214 572 2248 quorum
602 2204 773 2247 singulus
802 2205 931 2248 apice,
968 2205 1051 2239 sinu
1087 2210 1248 2249 angusto
1275 2204 1442 2244 incisus,
1478 2205 1626 2239 bilobus
1653 2208 1729 2244 est;

195 2263 384 2306 margines
418 2263 562 2297 frondis
599 2263 801 2297 denticulis
844 2265 993 2308 exiguis
1035 2275 1340 2309 quoquoversum
1379 2262 1530 2297 directis
1569 2261 1730 2305 praediti

196 2328 294 2357 sunt.
346 2323 515 2356 Textura
541 2323 686 2356 frondis
713 2323 850 2366 tenuis,
884 2329 923 2357 at
948 2335 1037 2358 vero
1064 2324 1164 2358 circa
1193 2325 1282 2358 axin
1309 2323 1618 2367 longitudinalem
1644 2331 1731 2354 car-

194 2392 289 2417 nosa
316 2386 353 2415 et
379 2381 540 2415 crassior
566 2386 624 2415 est
650 2382 795 2416 cellulis
831 2393 904 2416 non
934 2382 1127 2416 evidenter
1153 2383 1346 2424 discretis,
1385 2393 1483 2427 quae
1515 2382 1552 2415 in
1586 2380 1728 2415 ambitu

194 2440 305 2474 valde
339 2439 539 2474 distinctae
567 2444 666 2474 sunt.
722 2441 816 2475 Pars
842 2441 967 2475 media
994 2441 1136 2476 frondis
1163 2443 1319 2487 eiusque
1347 2441 1571 2476 divisionum
1598 2439 1730 2473 subtus

196 2499 320 2533 obsita
347 2503 405 2533 est
432 2499 610 2533 radiculis
636 2500 933 2535 fusco-albidis.

294 2558 431 2592 Differt
463 2569 485 2592 a
520 2558 790 2603 speciminibus
819 2561 987 2595 Auem-ae
1021 2560 1234 2606 multifidae,
1269 2559 1327 2593 vel
1351 2557 1563 2601 latissimis,
1596 2558 1729 2593 fronde

195 2617 328 2651 latiore
362 2620 400 2650 et
432 2617 528 2651 lobis
563 2616 819 2661 brevioribus,
856 2620 919 2664 qui
954 2620 1079 2653 cuncti
1109 2619 1215 2663 apice
1243 2622 1330 2652 sunt
1355 2621 1515 2661 anguste
1548 2615 1656 2651 incisi
1691 2619 1728 2651 et

196 2674 326 2711 bilobi.
363 2676 518 2720 (Taylor
543 2677 566 2710 l.
594 2677 646 2720 c.)

557 2760 592 2791 5.
642 2757 870 2793 Aneura
892 2757 1167 2804 multifida>
1193 2758 1368 2793 Dumort.

293 2826 344 2861 A.
365 2828 547 2873 pinnatim
572 2827 750 2872 multifida
787 2829 1010 2874 decomposita
1042 2836 1075 2862 et
1105 2830 1463 2876 supradeeomposita‚
1497 2837 1618 2864 trunco
1644 2831 1726 2876 pri-

195 2886 306 2919 mario
330 2885 510 2921 bieonvexo
533 2887 698 2932 νὶῃίἀιιῖο,
724 2889 836 2921 ramis
860 2886 1148 2929 horizontaltbus‚
1174 2889 1325 2923 ramulis
1344 2889 1554 2936 pectinatim
1564 2888 1727 2933 pinnatis

197 2943 359 2980 lac-ineatis
383 2944 509 2980 lineari
517 2946 816 2991 -anqustissimis,
846 2947 1108 2981 innovationum
1133 2948 1347 2983 tenuioribus
1372 2947 1561 2983 linearibus
1585 2945 1727 2989 obtusis,
