1824 3252
634 641 915 708 Tribus
985 641 1146 708 ΙΙΙ.

508 780 1256 876 Marchantieae.

130 971 135 973 -
262 933 335 981 N.
361 932 423 980 ab
451 932 520 978 E.
547 933 600 978 in
630 932 805 979 Lindl.
829 932 1031 979 Introd.
1069 934 1142 979 ecl.
1168 939 1215 978 2.
1245 949 1301 994 p.
1328 935 1444 978 414.
1506 930 1643 994 Hep.

127 1010 259 1058 Eur.
298 1009 376 1057 IV.
407 1028 463 1074 p.
493 1016 536 1057 1.
575 1017 623 1058 et
668 1008 846 1055 LXIII.
922 1009 1304 1057 Mar-chantieae
1335 1016 1379 1057 et
1418 1008 1642 1073 Targz'o-

124 1090 261 1136 nicae
292 1088 428 1151 Hep.
460 1086 592 1134 Eur.
631 1087 667 1133 I.
699 1104 753 1149 p.
775 1091 855 1133 84.
933 1087 1081 1150 Tagyl.
1109 1089 1160 1133 z‘n
1187 1087 1347 1134 Lz'mz.
1377 1088 1644 1136 Transact.

124 1166 279 1213 XVII.
314 1173 362 1213 3.
393 1184 447 1229 p.
480 1171 595 1215 375.
662 1164 917 1229 Bisclzqff'
943 1164 1078 1227 Hep.
1117 1167 1172 1211 in
1209 1164 1329 1211 Act.
1368 1165 1530 1213 Acad.
1570 1165 1644 1214 N.

129 1244 249 1293 Cur.
289 1244 441 1291 XVII.
488 1251 536 1291 2.
573 1261 626 1307 p.
666 1248 782 1291 961.
856 1241 1297 1289 Marc-hanniaeeae
1331 1251 1377 1289 et
1421 1242 1644 1307 Targz'o-⁵

123 1324 321 1370 niaceae
378 1321 546 1369 Corda
598 1323 651 1367 in
702 1319 861 1383 Opitz
913 1318 1083 1366 Beitr.
1137 1318 1174 1364 l.
1220 1337 1275 1382 p.
1315 1323 1413 1366 646
1448 1329 1495 1367 et
1528 1326 1644 1370 649.

125 1400 404 1447 Endlz'clcer
426 1399 551 1447 Gen.
568 1416 625 1462 p.
651 1402 715 1444 44
734 1405 781 1445 et
801 1402 949 1445 1337.
1022 1395 1468 1446 Mai-clzcmtiaceae
1491 1397 1644 1446 Cord.

123 1479 178 1524 in
215 1476 561 1541 Monograplz.
604 1476 955 1538 thizosperm.
1003 1482 1047 1521 et
1082 1474 1348 1540 Jungerm.
1388 1475 1423 1522 I.
1465 1495 1520 1540 p.
1562 1484 1642 1524 11.

130 1553 519 1617 Cephalotlzecc'ce
550 1554 795 1601 Dumort.
837 1551 1022 1600 Comm.
1061 1552 1159 1599 bot.
1188 1571 1242 1616 p.
1267 1559 1379 1600 115.
1447 1552 1639 1617 Cepha-

126 1632 337 1679 Zotloeecz'a
374 1634 444 1679 id.
485 1632 516 1678 l.
554 1648 594 1678 c.
625 1649 680 1693 p.
719 1636 801 1678 68.
839 1649 887 1677 n.
927 1637 1006 1679 19.

257 1718 513 1782 Capsulae
537 1719 778 1765 dentibus
803 1719 1118 1766 dehiscentes
1142 1726 1231 1764 aut
1251 1718 1642 1776 circumscissae‚

124 1796 304 1859 paucis
343 1796 728 1860 quadrivalves,
765 1804 815 1841 et
852 1804 978 1842 tunc
1015 1795 1247 1859 quidem,
1285 1803 1342 1841 ut
1379 1794 1432 1841 in
1469 1796 1645 1858 pleris-

125 1890 243 1937 que,
282 1875 607 1937 receptaculo
645 1891 728 1920 seu
767 1880 879 1921 toro
916 1873 1153 1936 proprio,
1208 1889 1233 1918 e
1283 1872 1480 1920 frondis
1523 1875 1644 1921 lobo

123 1951 454 2014 singulariter
500 1950 865 1998 transformato
909 1951 1030 2013 plus
1077 1949 1247 1996 minus
1291 1949 1643 2012 pedunculato

124 2027 337 2084 oriente,
382 2028 626 2083 insertae,
667 2036 956 2075 extrorsum
993 2028 1293 2075 deorsumve
1328 2035 1642 2090 spectantes3

123 2105 304 2167 paucis
347 2105 715 2169 (Targionieis)
762 2123 824 2153 ex
868 2105 1033 2169 ipsius
1078 2105 1273 2152 frondis
1316 2106 1460 2167 apice
1505 2107 1644 2153 haud

124 2181 343 2229 discreto
382 2182 665 2244 singilatim
702 2190 985 2238 nascentes,
1032 2182 1237 2229 sessiles.
1309 2182 1535 2230 Elateres
1570 2202 1642 2230 se-

124 2259 353 2305 minibus
388 2259 656 2307 interiecti.
730 2261 1001 2307 Involucra
1043 2261 1096 2306 in
1132 2259 1287 2306 latere
1332 2261 1643 2323 receptaculi

123 2335 354 2383 inferiori
390 2335 542 2391 varia,
581 2336 979 2400 uni-pluriflora,
1016 2337 1130 2384 aliis
1155 2336 1302 2384 valde
1327 2336 1645 2400 incompleta

123 2414 189 2461 ad
215 2414 437 2477 speciem
465 2414 625 2460 nulla.
666 2414 1020 2461 Perianthium
1046 2423 1136 2461 aut
1164 2414 1459 2469 unifiorum,
1490 2432 1644 2462 mem-

122 2490 449 2546 branaceum,
474 2491 778 2553 regulariter
805 2492 997 2548 fissum,
1022 2501 1113 2539 aut
1130 2493 1349 2539 nullum.
1387 2492 1643 2556 Calyptra

123 2567 270 2630 apice
296 2585 539 2631 rumpens
566 2569 672 2616 basi
703 2569 823 2632 plus
851 2568 1018 2616 minus
1041 2570 1331 2634 persistens·
1386 2569 1644 2616 Antherae

124 2645 461 2708 receptaculis
497 2646 737 2709 propriis,
774 2647 853 2693 vel
875 2646 1238 2710 pedunculatis
1263 2647 1342 2692 vel
1367 2646 1640 2702 sessilibus‚

122 2721 335 2784 peltatis
368 2723 448 2769 vel
479 2722 748 2770 discoideis
782 2724 1064 2781 immersae,
1109 2730 1430 2787 aggregatae,
1464 2723 1521 2770 in
1555 2740 1643 2787 pa-

125 2799 249 2861 gina
277 2800 529 2863 superiori
558 2801 868 2866 receptaculi
895 2801 1035 2866 poris
1071 2801 1284 2864 singulis
1309 2801 1640 2864 dehiscentes,

125 2876 458 2926 Gemmarum
493 2895 579 2926 seu
616 2880 1028 2944 propagulorum
1064 2886 1346 2943 apparatus
1379 2879 1433 2926 in
1463 2877 1643 2926 multis
