1824 3252
201 189 271 220 474
887 186 1039 228 Blyttia.

761 296 1076 351 Subtribus
1118 301 1170 350 2.

671 405 1261 471 Biplomitrieae.

316 505 554 546 Encllicher
590 507 699 549 Gen.
732 524 780 563 p.
815 509 943 551 1339.
1010 509 1319 563 Diplolaeneae
1363 508 1567 552 Dumort.
1611 512 1719 567 Syll.

199 573 424 629 Junyerm.
450 589 500 629 p.
535 574 605 617 82.
671 577 729 618 N.
753 577 805 617 ab
829 578 882 619 E.
916 579 961 618 in
994 578 1141 618 Lindl.
1176 577 1349 618 Introd.
1384 578 1448 618 ed.
1481 578 1522 619 2.
1547 593 1595 633 p.
1623 579 1719 619 414.

202 642 316 697 Hep.
359 643 468 683 Eur.
521 644 612 685 III.
649 660 697 699 p.
741 646 840 687 333.
901 646 986 688 IV.
1032 662 1079 701 p.
1130 646 1263 687 LXI.
1356 645 1723 703 Junqermanniae

200 727 333 766 specc.
369 720 503 753 anctt.

314 804 589 846 lnvolucrum
625 807 969 862 monophyllum,
1005 808 1213 856 lacerum,
1256 808 1392 862 primo
1433 806 1655 847 terminale
1700 821 1722 846 e

200 879 319 914 costa
349 875 512 915 frondis
545 882 698 924 ortum,
733 876 832 917 dein
866 877 916 917 ad
953 877 1140 932 speciem
1180 876 1361 917 dorsale.
1427 876 1721 917 Perianthium

199 942 455 985 tubulosum.
518 944 705 999 Capsulu
740 947 893 994 ovalis,
929 947 1109 987 elateres
1144 946 1330 986 decidui.
1397 945 1724 986 Inflorescentia

200 1013 388 1054 mascula
421 1013 623 1062 dorsalis,
659 1029 682 1054 e
715 1023 834 1056 costa
867 1017 1029 1064 oriens,
1064 1015 1221 1055 foliolis
1254 1015 1406 1055 laceris
1439 1020 1568 1055 tecta.
1632 1015 1721 1054 An-

200 1081 344 1121 tlierae
376 1081 592 1124 filamento
628 1085 745 1124 brevi
769 1085 981 1125 suffultae.
1046 1084 1281 1138 Vegetatio
1302 1084 1518 1133 frondosa,
1543 1089 1720 1123 costata.

587 1199 750 1240 XLII.
812 1199 1058 1255 Blffi'tvtia
1098 1199 1331 1240 Endlicher

201 1276 288 1310 Gen.
315 1277 337 1310 l.
367 1291 394 1310 c.
422 1291 455 1312 η.
484 1278 609 1324 47⁴2so'.
669 1281 889 1323 Diplolaena
919 1280 1084 1314 Dumort.
1113 1280 1203 1327 Syll.
1230 1281 1412 1325 Junyerm.
1440 1293 1477 1326 p.
1515 1283 1570 1314 82.
1605 1292 1638 1313 n.
1665 1283 1721 1313 2¹.

199 1340 222 1367 t.
250 1336 337 1379 2.f.
367 1339 424 1370 21.
477 1339 525 1372 N.
555 1338 596 1372 ab
622 1339 670 1374 E.
696 1340 788 1385 Hep.
818 1339 909 1374 Eur.
946 1340 1019 1374 III.
1043 1351 1081 1385 p.
1106 1343 1189 1374 335.
1225 1340 1292 1374 IV.
1315 1353 1352 1385 p.
1381 1340 1486 1374 LXI.
1541 1339 1722 1382 Diploml-

198 1394 308 1427 trium
338 1395 442 1431 Cord.
469 1398 504 1430 in
534 1398 641 1444 Opc‘t:
670 1398 786 1432 Beicr.
815 1398 844 1431 I.
868 1411 905 1443 p.
932 1401 1014 1432 653.
1041 1410 1075 1432 n.
1107 1401 1149 1432 10
1186 1405 1217 1432 et
1245 1400 1283 1432 in
1307 1399 1443 1433 Stat-m.
1474 1398 1573 1433 Flor.
1604 1400 1722 1432 Germ.

201 1450 252 1484 ΙΙ.
288 1455 328 1487 19
353 1462 383 1487 et
408 1459 467 1489 20.
491 1470 524 1501 p.
554 1461 613 1491 54.
668 1456 946 1501 Diplomitrium
972 1464 1003 1490 et
1031 1458 1201 1491 Cordaea
1236 1458 1282 1492 N.
1310 1457 1352 1491 ab
1379 1458 1425 1491 E.
1454 1459 1544 1503 Hep.
1573 1458 1663 1492 Eur.
1693 1459 1721 1492 1.

196 1523 232 1555 p.
267 1515 342 1547 102.
371 1528 403 1548 η.
439 1519 475 1549 17
504 1523 534 1549 et
567 1519 618 1550 is.
672 1517 841 1550 Cordaea
880 1517 926 1549 N.
954 1516 994 1549 ab
1021 1517 1066 1550 E.
1097 1516 1211 1551 Corda
1247 1518 1284 1550 in
1309 1517 1445 1550 Sturm.
1473 1517 1573 1550 Flor.
1602 1518 1721 1551 Germ.

201 1570 251 1604 II.
279 1575 326 1605 26
351 1580 382 1605 et
408 1577 466 1608 27.
488 1588 525 1620 p.
556 1579 632 1610 125.
684 1575 1002 1618 Jungermanniae
1030 1587 1151 1620 specc.
1189 1577 1299 1609 Hook.
1328 1576 1410 1621 Spr.
1463 1577 1721 1619 Gyninoniitrii

201 1640 324 1673 spem.
353 1633 493 1668 Haben.

295 1702 498 1738 Character
526 1703 685 1738 Generis
712 1704 749 1738 in
777 1705 993 1739 charactere
1021 1705 1224 1739 Subtribus
1251 1705 1472 1740 continetur.

293 1771 549 1809 Perianthium
577 1775 1148 1818 membranaceo-herbaceum‚
1175 1778 1403 1819 tubulosum,
1431 1776 1723 1819 subangulatum

197 1839 259 1863 ore
283 1831 523 1876 denticulato,
550 1834 742 1870 involucro
769 1835 994 1879 quadri-vel
1021 1835 1325 1881 quinquepartito
1353 1837 1538 1870 herbaceo
1565 1835 1721 1878 longius.

198 1889 377 1935 Calyptra
403 1895 623 1935 chartacea,
660 1894 911 1938 perianthium
948 1894 1165 1939 adaequans
1201 1896 1257 1929 vel
1293 1907 1337 1930 eo
1373 1896 1519 1930 brevior
1544 1897 1718 1929 subcam-

196 1951 397 1993 panulata,
448 1954 587 1987 vertice
626 1955 762 1987 lacera.
829 1955 995 1998 Capsula
1035 1955 1174 1996 ovalis,
1213 1955 1481 1999 qua'drivalvis.
1553 1956 1721 1988 Elateres

196 2009 404 2050 parietibus
439 2013 616 2056 capsulae
652 2012 816 2056 undique
854 2014 989 2055 adfixi,
1040 2024 1160 2057 neque
1200 2013 1236 2046 in
1279 2013 1450 2057 apicibus
1490 2014 1720 2057 valvularum

197 2067 356 2111 residui,
382 2070 555 2114 decidui,
582 2071 782 2106 filiformes.
835 2072 963 2106 Flores
990 2071 1147 2105 masculi
1173 2072 1342 2106 diclines.
1393 2073 1535 2107 Foliola
1570 2073 1719 2117 perign-

197 2126 310 2162 nialia
338 2129 546 2173 imbricata,
573 2131 739 2165 dentata.

293 2200 411 2236 Frons
448 2203 609 2247 simplex
652 2208 716 2237 aut
753 2202 887 2243 bifida,
927 2207 1031 2237 costa
1070 2203 1192 2238 media
1225 2202 1403 2237 distincta
1443 2208 1526 2238 ante
1568 2203 1720 2238 limbum

197 2259 316 2303 apicis
343 2261 536 2297 desinente
571 2262 704 2296 subtus
741 2262 972 2301 radiculosa‚
1005 2262 1198 2306 praedita;
1233 2268 1381 2306 praeter
1414 2267 1555 2297 costam
1594 2267 1721 2297 tenera

197 2322 233 2351 et
259 2321 555 2356 membranacea.

294 2392 448 2435 Species
489 2395 532 2426 lo
571 2391 823 2434 cognovimus.
895 2392 1078 2426 Crescunt
1117 2397 1241 2427 autem
1284 2393 1321 2426 in
1359 2393 1510 2437 Europa
1546 2397 1587 2434 2,
1623 2404 1716 2437 qua-

199 2461 279 2484 rum
327 2462 401 2485 una
449 2451 561 2484 etiam
611 2450 647 2483 in
700 2451 809 2484 India
852 2451 1077 2485 occidentali
1121 2452 1329 2493 invenitur;
1383 2452 1419 2485 in
1462 2452 1720 2494 Neelgherries

199 2510 332 2545 Indiae
369 2511 561 2546 orientalis
599 2513 640 2551 l,
686 2510 721 2542 in
759 2511 888 2544 Insula
925 2511 1117 2545 Borbonia
1155 2516 1192 2551 l,
1233 2512 1269 2545 in
1307 2511 1415 2545 Nova
1451 2510 1654 2544 Zeelandia
1686 2514 1720 2549 4,

198 2579 355 2613 quarum
390 2581 464 2604 una
499 2574 536 2604 et
570 2570 607 2603 in
647 2569 807 2603 Brasilia
834 2570 916 2615 (Τ),
955 2571 991 2604 in
1023 2571 1281 2605 Promontorio
1311 2570 1416 2604 Horn
1449 2573 1483 2612 Ι,
1528 2571 1563 2603 in
1594 2570 1720 2604 Insula

201 2628 253 2661 St.
285 2628 452 2663 Helenae
481 2633 511 2663 l.

580 2725 610 2754 l.
663 2721 874 2766 Blyttm
900 2720 1097 2756 Mb‘rke‘ae'
1139 2722 1183 2754 N.
1213 2721 1259 2754 ab
1289 2722 1329 2754 E.

298 2792 359 2826 ΒΖ.
376 2794 510 2838 fronde
537 2790 644 2826 sessili
670 2790 811 2825 obovata
837 2799 961 2830 retusa,
991 2792 1156 2826 involucri
1183 2791 1316 2825 laciniis
1342 2791 1463 2825 Iobatis
1484 2791 1636 2837 plicatis.

392 2866 596 2908 Diplolaena
624 2865 735 2906 Blyuii
766 2863 812 2896 N.
841 2863 881 2896 ab
909 2863 954 2896 E.
985 2863 1075 2908 Hep.
1106 2863 1197 2896 Eur.
1239 2863 1312 2897 Ill.
1338 2876 1371 2908 p.
1399 2865 1481 2897 339.
1508 2865 1588 2896 338.
1624 2874 1658 2895 n.
1690 2865 1718 2895 Ι.

481 2923 547 2958 IV.
568 2936 605 2969 p.
634 2923 739 2957 LXI.
