1824 3252
186 132 257 168 408
735 125 927 171 Lejeunia.
970 124 1178 161 Frullania.

328 245 348 276 J
353 243 597 285 nngermannia
613 239 725 272 Rothi}
741 236 937 281 Schwaeyr.
950 236 1127 285 Produp.
1143 241 1197 273 17.
1230 237 1322 274 Web.
1334 238 1640 286 Prodr.p.123.n.
1652 241 1709 275 15.

284 301 444 338 Habitat
470 299 508 333 in
537 298 662 332 Africa
693 322 700 330 .
729 321 737 329 .
764 321 773 330 .
803 320 811 331 .
837 295 984 340 (Roth).

650 390 911 436 Iaejeunia
923 389 1096 435 fusca
1122 389 1249 423 Lehm.

286 466 326 499 L.
359 462 453 498 caule
486 460 726 508 procumbente
765 459 982 501 subt-ammo,
1014 459 1120 504 foliis
1155 459 1405 505 adprofcimatis
1442 460 1711 495 horizontalibus

184 522 438 560 decurrentibus
463 519 615 564 oblonyis
641 518 780 560 obtusis,
809 519 1070 566 cmzplz.2·9ast2·iis
1095 520 1245 553 cordatis
1268 518 1576 564 subinteyem·imis.

327 593 595 635 Jungermannia
625 592 716 622 fusca
744 589 866 624 Lelim.
893 590 928 624 in
955 590 1114 624 Limzaea
1140 589 1209 623 IV.
1236 590 1366 635 (1829)
1390 602 1429 636 p.
1456 593 1541 625 360.
1591 591 1711 626 Lehm.

461 662 536 683 nov.
563 656 594 682 et
620 650 733 682 minus
757 661 851 693 coyn.
877 649 980 695 stirp.
1008 649 1103 693 Puy.
1134 649 1209 683 ΙΙΙ.
1237 648 1377 695 (1831.)
1395 662 1435 696 p.
1461 653 1520 684 45.

281 721 426 755 Crescit
460 720 497 753 in
532 721 648 754 latere
683 719 855 753 orientali
882 718 1017 752 montis
1043 719 1263 763 Tafelberg,
1305 718 1552 754 Promontorii
1582 720 1712 754 Bonae

187 780 277 824 Spei
297 780 393 825 (Hb.
420 780 462 814 L.
490 789 538 813 ex
566 779 643 813 Hb.
658 779 838 822 Ecklon);
874 778 968 821 (Hb.
998 778 1175 825 Hartm.).

282 850 452 884 Incertae
487 854 543 885 est
579 849 692 884 sedis.
756 849 861 883 Folia
899 853 985 882 sunt
1019 849 1153 892 plana,
1189 850 1300 892 longe
1337 849 1597 891 decurrentia,
1638 860 1712 884 non

185 909 421 952 complicata.
475 908 755 953 Amphigastria
783 908 950 947 cordata,
977 907 1121 951 integra
1149 908 1450 953 emarginatave‚
1477 908 1597 942 rarius
1624 909 1710 943 bre-

185 967 279 1002 viter
307 968 431 1003 bifida.
482 969 651 1002 Textura
678 969 788 1009 laxa3
823 968 992 1001 maculae
1019 969 1107 1003 retis
1134 970 1279 1012 longae,
1306 979 1456 1002 crassae
1484 968 1646 1013 (Ldbg.).

507 1132 793 1175 XXXVII.
855 1132 1193 1177 Frullania
1230 1132 1392 1174 Raddi.

185 1225 377 1260 Frullanla
414 1226 461 1260 N.
497 1225 540 1259 ab
567 1227 612 1260 E.
672 1227 762 1272 Hep.
791 1227 925 1272 Europ.
962 1225 1034 1258 III.
1063 1237 1101 1271 p.
1128 1228 1221 1267 209;
1265 1226 1334 1260 IV.
1368 1238 1405 1272 p.
1432 1225 1540 1260 LIX.
1591 1225 1715 1260 Racldi

183 1284 515 1329 szyermannioyr.
545 1285 697 1319 Etrusca
716 1286 750 1319 in
768 1286 875 1319 BIem.
903 1284 987 1318 delle
1014 1283 1091 1318 Soc.
1120 1284 1206 1319 Ital.
1233 1285 1268 1318 cli
1292 1285 1391 1319 Mod.
1420 1284 1576 1319 XVIII.
1609 1287 1712 1319 1820.

177 1355 217 1389 p.
242 1347 302 1377 20.
333 1350 357 1377 t.
384 1347 419 1377 2.
446 1362 492 1369 -
531 1344 673 1378 Jubula
703 1344 867 1378 Dumort.
896 1343 1084 1377 comment.
1111 1343 1176 1377 hot.
1200 1356 1239 1389 p.
1270 1347 1348 1378 112.
1411 1343 1500 1390 Syll.
1526 1343 1712 1388 Junyerm.

190 1405 290 1436 1822.
316 1416 355 1449 p.
383 1406 441 1437 36.
478 1415 512 1438 n.
540 1404 590 1438 V.
625 1411 650 1437 t.
690 1407 721 1438 l.
749 1404 788 1449 f.
815 1407 851 1438 5.
877 1422 923 1428 —-
958 1402 1161 1447 Lejeuniae
1188 1413 1312 1446 specc.
1346 1402 1428 1449 Spr.
1465 1422 1513 1428 —
1544 1403 1714 1446 Junger—

183 1461 359 1498 manniae
386 1474 510 1508 specc.
537 1463 659 1497 Aac-tt.

282 1532 542 1569 Perianthium
569 1533 606 1568 in
633 1533 777 1568 ramulo
810 1532 961 1577 proprio
994 1532 1208 1574 terminale,
1248 1535 1480 1576 porrectum,
1520 1537 1619 1568 teres
1653 1532 1712 1567 vel

183 1592 403 1637 plerumque
437 1594 584 1628 tri-vel
620 1598 877 1636 tetragonum,
915 1593 1025 1626 dorso
1053 1591 1348 1626 convexiusculo
1385 1602 1499 1636 saepe
1531 1591 1712 1634 uni-(vel

183 1651 304 1686 rarius
330 1652 474 1696 pluri-)
504 1654 671 1694 sulcato,
706 1657 836 1687 ventre
864 1651 1121 1692 unicarinato,
1149 1651 1276 1684 carina
1302 1650 1467 1685 uni-vel
1493 1651 1712 1695 plerumque

184 1709 400 1753 bi-(rarius
424 1712 570 1756 pluri-)
596 1716 753 1752 costata,
781 1712 887 1756 apice
911 1711 1128 1745 mucronulo
1155 1711 1331 1745 tubuloso
1349 1711 1577 1744 subrecurvo
1605 1710 1712 1743 clau-

184 1779 278 1811 sum,
299 1770 402 1804 laeve
421 1772 479 1805 vel
504 1772 624 1805 rarius
646 1772 851 1806 tuberculis
866 1776 901 1805 et
920 1770 1066 1805 laciniis
1084 1770 1259 1804 obsitum.
1290 1770 1469 1814 Calyptra
1486 1769 1711 1814 pyrisormis,

183 1826 314 1868 libera,
342 1830 478 1871 tenuis,
506 1831 723 1874 persistens,
746 1831 842 1864 infra
865 1831 1040 1864 verticem
1060 1841 1248 1874 rumpens,
1278 1830 1359 1863 basi
1384 1829 1524 1874 pistillo
1542 1829 1712 1865 abortivo

185 1885 339 1928 stipata.
392 1888 558 1932 Capsula
577 1889 817 1932 subgfflbosa,
845 1890 979 1932 tenuis,
1007 1889 1323 1933 semiquadrifida,
1340 1893 1425 1932 post
1443 1887 1712 1921 dehiscentiam

185 1946 451 1987 campanulata
478 1947 637 1981 valvulis
662 1949 984 1992 patulo-erectis.
1037 1948 1172 1982 Fibrae
1208 1948 1386 1991 spirales‚
1422 1951 1462 1981 ut
1487 1947 1637 1988 dicunt,
1671 1946 1710 1980 in

185 2004 364 2046 capsulae
390 2005 566 2041 interiore
594 2008 736 2051 pariete
771 2019 843 2042 non
876 2007 1062 2042 videntur.
1115 2007 1280 2040 Elateres
1313 2005 1534 2050 monospiri,
1572 2005 1710 2048 magni,

185 2064 343 2106 utroque
370 2064 440 2098 fine
459 2067 633 2107 truncati,
660 2066 918 2110 persistentes,
944 2067 1176 2100 valvularum
1197 2066 1368 2109 apicibus
1394 2077 1415 2099 a
1440 2064 1564 2100 medio
1591 2075 1710 2110 usque

185 2120 301 2156 altero
333 2123 405 2157 fine
439 2125 614 2166 connati,
656 2125 768 2167 recti,
806 2126 1040 2160 valvularum
1077 2124 1204 2169 apices
1242 2124 1486 2169 penicillatim
1521 2128 1711 2160 ornantes.

185 2179 339 2214 Semina
373 2193 529 2226 magna,
563 2185 835 2229 subpolyedra,
876 2185 1084 2218 verruculis
1118 2195 1332 2229 conspersa.
1385 2184 1532 2219 Pistilla
1558 2185 1596 2219 in
1621 2185 1710 2220 flore

184 2238 428 2275 inveniuntur
455 2253 602 2288 semper
627 2243 718 2278 bina
746 2244 802 2278 vel
828 2247 1011 2288 quaterna
1023 2245 1070 2287 ³¹⁶).

259 2442 293 2486 *)
330 2443 518 2486 Postquam
566 2455 685 2475 omnes
723 2444 976 2476 Frullaniarum
1022 2446 1153 2487 species
1201 2445 1401 2487 scrupulosa
1442 2452 1543 2486 atque
1591 2444 1710 2474 iterata

329 2502 535 2535 dissectione
564 2503 846 2543 examinavimus,
873 2514 1057 2534 numerum
1071 2504 1279 2547 pistillorum
1295 2503 1383 2534 inter
1401 2501 1469 2534 duo
1494 2504 1543 2534 vel
1560 2506 1710 2546 quatuor

329 2562 458 2593 variare
486 2563 739 2606 comperimus,
776 2563 819 2594 ita
854 2572 889 2595 ut
926 2571 1035 2594 totum
1063 2574 1170 2605 genus
1196 2562 1449 2594 Frullaniarum
1477 2562 1520 2592 sit
1543 2561 1711 2606 diyynum

329 2622 383 2651 vel
409 2626 639 2666 tetrayynum.
689 2621 729 2652 In
754 2622 928 2664 plerisque
956 2621 1079 2653 adsunt
1105 2621 1186 2652 bina
1212 2621 1354 2664 pistilla‚
1390 2628 1422 2651 et
1456 2620 1489 2651 in
1525 2620 1710 2660 nonnullis,

329 2677 385 2708 ubi
402 2689 480 2711 casu
508 2681 679 2711 rarissimo
707 2681 767 2712 tria
795 2681 987 2711 invenimus
1012 2682 1147 2722 pisfilla,
1172 2691 1279 2722 aeque
1307 2692 1345 2711 ac
1372 2681 1405 2711 in
1431 2679 1622 2723 speciebus,
1649 2678 1710 2711 ubi

329 2748 437 2769 unum
475 2747 605 2770 tantum
641 2740 804 2782 pistillum
841 2738 948 2771 adfuit
985 2739 1093 2781 (quod
1119 2740 1252 2782 saepius
1281 2740 1433 2771 occurrit
1458 2739 1490 2769 in
1518 2736 1710 2771 Frullania

327 2793 523 2842 dilatata),
557 2799 683 2829 iteratis
717 2799 924 2829 sectionibus
962 2798 1039 2828 bina
1072 2799 1196 2841 pistilla
1223 2806 1386 2841 tanquam
1412 2809 1597 2830 numerum
1623 2808 1709 2829 nor-

331 2855 456 2887 malem
484 2856 753 2891 observavimus.
793 2857 888 2900 Quas
916 2857 1083 2890 exteriore
1110 2857 1223 2889 forma
1242 2868 1453 2900 congeneres
1472 2857 1709 2901 cognovimus,
