1824 3252
755 189 959 224 Frullania.
1548 194 1620 226 409

198 303 386 347 Involueri
421 303 509 337 folia
537 303 611 337 duo
639 303 698 337 vel
724 306 907 347 quatuor,
939 300 1125 335 interdum
1159 299 1196 334 in
1232 300 1379 335 tertium
1412 312 1480 345 par
1514 312 1617 336 com-

101 367 265 405 mutata,
302 362 581 403 subdifforffla,
619 362 787 396 lobulata
824 371 895 395 nec
930 359 1158 400 auriculam,
1194 370 1307 403 saepe
1331 364 1437 403 parte
1462 360 1620 394 ventrali

101 432 185 456 cum
213 422 481 465 amphigastrio
507 422 729 456 involuerali
758 421 877 455 altero
904 421 1019 454 latere
1045 419 1101 452 vel
1129 423 1285 462 utroque
1311 422 1482 453 connata.

196 481 475 515 Inilorescentia
501 481 707 514 masculina
726 481 763 513 in
787 479 962 513 distinete
984 476 1177 511 individuo
1205 477 1261 510 vel
1287 476 1406 510 rarius
1425 476 1462 510 iu
1487 476 1618 510 eadem

101 551 186 574 cum
219 540 358 574 femina
393 539 520 583 stirpe.
575 539 725 572 Ramuli
756 537 911 571 maseuli
949 536 1180 581 spiciformes
1216 536 1273 569 vel
1307 535 1439 569 breves
1473 535 1510 569 in
1535 535 1616 578 glo-

103 600 231 634 bulum
259 599 412 634 conferti
440 600 488 642 (e.
512 609 546 641 g.
575 598 642 631 Fr.
670 597 853 641 brunam),
879 597 936 630 vel
959 595 1111 639 julaeei,
1140 599 1241 628 arete
1266 594 1460 628 imbricati.
1515 594 1621 628 Folia

104 657 348 703 perigonialia
375 658 606 697 ventricosa‚
636 656 776 697 biloba,
803 654 898 689 iobis
925 653 1219 697 subaequalibus
1247 652 1473 687 maiusculis.
1528 654 1617 687 Am-

101 717 306 762 phigastria
331 716 573 761 perigonialia
599 716 738 758 exigua
766 720 831 748 aut
858 714 975 748 nulla.
1026 713 1198 748 Stamina
1215 712 1312 746 intra
1331 711 1438 746 basin
1454 712 1619 746 inflatam

104 774 274 809 foliorum
303 775 587 819 perigenialium
615 774 762 816 singula
788 773 938 807 binave.
989 772 1155 806 Anthera
1182 772 1357 815 globosa:
1391 771 1619 805 filamentum

46 821 57 829 ⁴
103 834 241 878 gracile
276 834 506 878 longitudine
542 833 617 866 fere
651 831 821 866 diametri
858 831 1055 872 antherae,
1092 835 1292 874 septatum.
1352 829 1619 864 Innovationes

100 903 121 926 e
147 893 289 926 ramulo
316 892 504 925 fructifero
531 892 600 925 sub
627 891 797 924 foliorum
824 889 905 932 pari
933 889 1042 923 tertio
1070 893 1290 932 exsurgunt,
1317 890 1377 923 vel
1403 889 1522 923 rarius
1548 890 1618 924 sub

101 950 182 994 ipso
207 951 409 990 involucro,
436 954 476 983 ut
503 960 533 983 e.
563 960 598 991 g.
627 949 664 983 in
690 947 882 982 Frullania
895 947 1136 982 Hutelzimc'ae.

196 1008 300 1042 Folia
324 1009 474 1049 ineuba,
501 1007 794 1042 ovali-rotunda
821 1007 877 1040 vel
906 1006 1265 1047 evuli-acuminata,
1293 1007 1425 1040 subtus
1442 1006 1478 1040 in
1507 1007 1615 1041 lobu-

99 1067 174 1100 lum
202 1066 368 1100 inflatum
393 1066 638 1111 (auriculam)
664 1066 916 1110 galeiformem
945 1066 1001 1099 vel
1029 1066 1472 1107 saccato—elaviformem,
1499 1065 1618 1100 rarius

98 1124 136 1158 in
163 1125 338 1159 laminam
366 1126 750 1160 ovato-lanceolatam
782 1125 1078 1159 canaliculatamv
1098 1124 1337 1169 abeuntia*).

195 1184 475 1228 Ampliigastria
500 1189 623 1226 ovata,
654 1184 771 1218 rarius
798 1185 953 1226 integra.

196 1243 355 1277 Plantae
381 1243 580 1277 eortieolae
608 1248 673 1277 aut
699 1243 912 1284 saxicolae‚
940 1253 986 1276 ex
1015 1242 1366 1286 amphigastriorum
1394 1241 1618 1285 gibbositate

100 1303 311 1338 radicantes
336 1302 460 1345 (caule
487 1303 568 1346 ipso
596 1302 845 1336 radicularum
873 1304 1064 1346 experte),
1092 1306 1193 1335 arete
1219 1305 1403 1345 repentes,
1430 1301 1619 1344 eleganter

98 1363 276 1407 pinnatae
304 1362 359 1396 vel
387 1361 489 1395 vario
516 1362 626 1395 modo
653 1361 889 1405 plumuloso-
907 1371 1089 1403 ramosae,
1115 1361 1222 1395 caule
1249 1360 1351 1394 tenui
1379 1359 1549 1403 rigidulo.

194 1422 318 1458 Maior
350 1431 437 1469 pars
472 1421 703 1464 specierum,
736 1431 894 1465 quarum
933 1423 999 1454 123
1025 1420 1290 1463 cognovimus,
1321 1419 1429 1452 terris
1457 1417 1614 1451 calidio-

100 1478 203 1513 ribus
231 1481 421 1525 adscripta
453 1486 531 1523 est3
568 1482 664 1516 inter
697 1482 765 1515 has
800 1482 897 1515 duae
931 1484 1017 1515 sunt
1050 1480 1215 1513 incertae
1250 1477 1350 1512 sedis
1374 1476 1618 1522 probabiliter

101 1543 224 1573 autem
258 1541 460 1575 Amerieae'
489 1541 724 1575 meridionali
758 1541 971 1584 indigenae.
1039 1539 1222 1583 Reliquae
1259 1541 1438 1582 sequente
1476 1535 1620 1569 ratione

97 1603 183 1631 sunt
209 1598 453 1635 distributae:

195 1657 413 1702 Europaeae
439 1663 526 1692 sunt
550 1662 585 1701 5,
620 1670 778 1703 quarum
803 1670 879 1693 una
905 1656 1123 1702 (Frullcmia
1149 1655 1372 1699 Tavum-5³05)
1398 1665 1463 1698 per
1490 1652 1618 1686 orbem

100 1718 281 1748 terrarum
316 1717 526 1761 divulgata,
570 1721 583 1750 l
623 1728 690 1761 per
723 1728 869 1752 omnem
904 1718 1092 1761 Europam
1125 1721 1162 1751 et
1195 1727 1261 1760 per
1295 1716 1460 1749 Insulam
1493 1714 1615 1746 Tene-

99 1774 218 1808 rifl'am
257 1775 450 1819 dispersa,
494 1776 658 1821 reliquae
694 1776 828 1820 partim
866 1776 1093 1817 Hiberniae,
1132 1780 1197 1809 aut
1231 1776 1363 1809 saltem
1400 1772 1619 1807 Britanniae

98 1833 334 1878 adscriptae,
370 1835 606 1880 ·illarumque
659 1846 733 1869 una
772 1834 987 1878 (Frullania
1027 1835 1278 1879 Hutehinsiae)
1326 1833 1438 1867 etiam
1483 1832 1619 1865 Javam

97 1892 249 1936 incolit,
297 1905 370 1928 una
418 1898 455 1928 et
490 1894 526 1928 in
578 1894 714 1928 Suecia
754 1898 866 1938 atque
906 1894 943 1927 in
989 1894 1125 1928 Silesia
1164 1894 1319 1927 inventa
1360 1897 1435 1931 est;
1486 1891 1618 1924 harum

99 1954 222 1984 autem
267 1962 343 1986 una
380 1953 493 1987 etiam
533 1953 573 1988 in
612 1953 744 1987 Insula
787 1953 960 1988 Madeira
1003 1953 1149 1988 erescit.
1219 1951 1358 1986 Insulis
1392 1950 1564 1985 Cauariis
1595 1952 1620 1984 2

98 2015 184 2043 sunt
231 2011 375 2054 species
425 2012 598 2056 propriae
646 2017 683 2046 et
732 2016 807 2046 tres
852 2017 1000 2057 praeter
1051 2023 1116 2046 eas
1164 2012 1339 2054 Europae
1390 2019 1618 2043 communes.

97 2069 292 2104 Amerieae
317 2071 597 2114 septentrionali
632 2074 654 2106 7
679 2073 825 2115 species
858 2076 964 2113 sunt,
999 2081 1142 2115 eaeque
1179 2071 1381 2114 pleraeque
1417 2068 1618 2113 provinciis

66 2121 70 2126 ’
97 2128 403 2165 meridionalibus
429 2130 660 2175 adscriptae3
704 2131 848 2165 accedit
883 2141 958 2165 una
984 2141 1032 2164 ex
1060 2129 1291 2173 Europaeis,
1331 2139 1404 2162 una
1431 2133 1555 2162 autem
1581 2132 1619 2163 et

242 2263 328 2293 mira
354 2270 493 2293 naturae
521 2264 746 2294 consensione
775 2264 877 2295 etiarn
906 2274 1054 2305 aequum
1082 2262 1290 2304 pistillorum
1314 2269 1496 2291 numerum
1517 2257 1617 2288 nobis

241 2320 486 2352 monstrabant.
536 2321 712 2353 Sententia
740 2331 876 2361 nostra,
909 2322 1102 2354 Frullaniae
1138 2331 1244 2362 genus
1279 2320 1391 2351 solum
1419 2327 1490 2347 esse
1518 2315 1618 2359 digy-

241 2390 336 2418 num,
365 2390 469 2421 quam
497 2380 530 2410 in
557 2379 817 2412 Commentario
845 2380 887 2412 de
914 2381 1142 2423 Haplomitrio
1179 2379 1279 2422 (Nov.
1304 2376 1380 2409 Act.
1407 2374 1517 2407 Acad.
1541 2375 1618 2407 Nat.

243 2437 325 2469 Cur.
349 2438 428 2470 Vol.
455 2437 532 2469 ΧΧ.
560 2438 594 2469 Ρ.
620 2439 647 2469 Ι.
673 2451 706 2482 p.
735 2439 816 2482 314)
846 2439 1109 2481 divulgavimus,
1136 2450 1177 2470 ex
1202 2438 1254 2469 his
1281 2433 1523 2469 modificanda.

169 2494 203 2538 ³⁶)
238 2496 332 2529 Inter
366 2497 452 2529 hanc
485 2499 671 2529 auriculam
708 2507 740 2530 et
777 2500 909 2530 caulem
944 2499 976 2530 in
1010 2500 1182 2542 plerisque
1210 2496 1390 2528 Frullaniis
1417 2502 1473 2526 aut
1497 2491 1616 2539 stylus,

240 2556 372 2597 singula
400 2557 605 2588 cellularum
632 2558 719 2588 serie
746 2567 952 2598 exstructus,
985 2567 1042 2589 aut
1059 2555 1155 2602 plica
1181 2553 1413 2598 trianyularis
1437 2556 1618 2586 invenitur.

242 2612 329 2656 styli
355 2616 556 2657 exemplu-m
582 2615 747 2648 habemus
775 2618 953 2659 egregium
981 2618 1013 2648 in
1041 2614 1233 2650 Frullania
1258 2612 1463 2657 niqricauli,
1500 2612 1617 2646 Ham-

237 2683 377 2717 peana;
401 2674 574 2706 interdum
603 2675 794 2712 obsoletior
817 2676 871 2716 fit,
904 2677 993 2717 imo,
1028 2684 1065 2707 ut
1100 2676 1209 2707 visum
1244 2674 1399 2716 effugiat;
1435 2681 1548 2704 tamen
1582 2673 1615 2704 in

243 2742 381 2763 summo
409 2734 512 2764 caulis
540 2735 686 2775 tui-ioue,
712 2743 749 2766 ut
773 2746 850 2767 mos
876 2735 1031 2777 videtur,
1060 2735 1207 2777 exempli
1233 2734 1338 2776 gratia
1365 2733 1397 2762 iu
1424 2729 1617 2764 Frullam'a

242 2788 409 2832 dilatata,
444 2791 550 2824 adest.
605 2794 644 2825 In
680 2795 848 2826 involucri
881 2795 982 2835 solio,
1018 2794 1111 2837 quod
1143 2795 1262 2825 folium
1298 2793 1471 2823 canlinum
1507 2791 1615 2833 magis

246 2848 459 2881 elaboratum
486 2852 581 2891 sistit,
619 2852 702 2883 haec
725 2864 802 2896 pars
829 2861 1006 2896 tamquam
1031 2854 1152 2885 lacinia
1178 2854 1296 2884 intima
1321 2851 1430 2882 lobuli
1456 2850 1615 2882 ventralis

244 2907 373 2950 ubique
400 2908 504 2951 adest,
530 2911 601 2942 imo
629 2912 688 2944 ubi
713 2913 748 2944 iu
775 2913 863 2944 foliis
890 2913 1030 2945 caulinis
1058 2912 1309 2945 obsoletissima
1336 2911 1388 2944 vel
1416 2910 1505 2941 nulla
1532 2917 1592 2941 est.
