1824 3252
207 174 280 206 '738
682 171 914 215 Bryopteris.
966 171 1269 215 Thysananthus.

305 285 485 320 Saturate
512 283 828 322 olivaceo-fusca.
854 284 994 317 surculi
1021 284 1098 319 sere
1116 285 1367 330 bipollicares,
1396 287 1489 321 rami
1516 288 1592 322 fere
1619 288 1738 331 {pol-

206 346 316 381 licem
343 345 456 389 longi.

304 405 440 438 Difl'ert
466 404 558 437 haec
586 413 607 436 a
623 401 858 447 B1·.filicina
884 402 905 441 β
930 410 1057 449 ανῃιιιιι
1081 403 1177 438 soliis
1201 404 1324 439 minus
1343 405 1549 440 imbricatis
1569 407 1741 451 quamvis

205 464 411 499 maioribus
438 463 607 507 margine
635 463 796 497 ventrali
825 473 942 507 prope
969 463 1134 497 lobulum
1162 463 1332 505 sinuato,
1369 466 1451 509 (nec
1480 467 1553 500 late
1579 468 1735 512 compli-

205 529 289 558 cato
319 528 359 557 ut
384 523 421 556 in
442 522 675 566 Bt·.filieiua
702 525 736 563 β,
764 524 918 568 aryuta)
945 523 1043 558 unde
1071 527 1188 557 totum
1217 524 1344 558 folium
1367 536 1577 567 recurvum,
1605 527 1740 561 lobulis

206 583 441 619 brevioribus
487 588 524 618 et
563 582 845 626 amphigastriis
894 583 1098 617 minoribus
1137 584 1304 628 margine
1350 585 1471 620 minus
1521 586 1739 620 recurvatis.

205 644 340 678 Differt
368 654 389 677 a
417 642 651 687 B›·.filicina
677 652 698 672 α
726 647 763 676 et
790 644 811 683 β
839 642 974 677 areolis
1001 643 1171 678 foliorum
1199 645 1416 679 maioribus.
1457 645 1610 689 (Taylor
1637 645 1659 679 l.
1687 648 1738 689 c.)

202 749 238 782 p.
264 740 348 772 285.
453 740 465 770 l
488 737 523 770 d.
552 737 871 784 Bryopteris
897 737 1294 772 Liebmaniana
1320 738 1439 781 Ldbg.
1463 742 1500 771 et
1523 738 1715 772 Gottsche.

299 808 371 843 Br.
407 807 503 842 caule
528 815 681 855 repente,
714 809 823 841 ramis
856 808 1123 854 subsimpliciter
1146 810 1308 855 pinnatis
1332 809 1547 855 ramnlisque
1573 810 1740 856 elonyatis

200 869 354 903 (Iecurvis
379 869 474 915 apice
498 870 685 903 attenuatis
700 869 879 914 flaccidis,
899 869 1002 912 soliis
1029 868 1102 903 basi
1127 869 1320 903 imbricatis
1344 871 1438 915 apice
1458 871 1604 904 disticlae
1623 871 1737 904 diver-

197 929 356 974 gentibus
393 931 503 964 ovatis
541 928 746 974 sabfalcatis
786 929 997 962 acuminatis
1039 930 1134 975 apice
1172 931 1318 963 serratis
1352 929 1472 964 subtus
1513 929 1738 975 complicatis,

201 986 312 1024 lobulo
325 990 509 1023 rotundato
530 989 752 1033 inteyerrimo
770 988 905 1033 inflew,
926 989 1190 1034 amplciyastriis
1203 990 1453 1035 aslproximatis
1471 989 1740 1034 subrectauyulis

200 1053 358 1097 maryl'ne
384 1050 521 1095 reflexis
546 1050 643 1095 apice
669 1049 839 1082 truncatis
865 1049 1026 1082 dentatis.

394 1109 561 1143 Liebmau
592 1109 670 1142 Iter
692 1109 872 1142 Mea-ioan.
897 1109 1016 1142 incdit.

298 1181 460 1216 Habitat
488 1180 589 1225 apud
620 1181 840 1223 Donagues.

298 1254 405 1288 Obs.
458 1252 593 1286 Lobuli
635 1252 829 1291 soliorum,
869 1250 1141 1295 ampbigastria
1176 1255 1213 1285 et
1246 1250 1483 1285 fructificatio
1523 1256 1564 1284 ut
1601 1250 1637 1284 in
1666 1250 1737 1284 Br.

185 1313 353 1358 filician,
381 1324 402 1347 a
430 1323 504 1356 qua
532 1318 656 1346 tamen
686 1312 809 1346 dill'ert
838 1311 950 1345 ramis
977 1311 1156 1353 flaccidis,
1186 1312 1343 1345 ramulis
1370 1310 1553 1354 elongatis
1581 1311 1738 1345 deflexis

198 1374 388 1418 plerisque
416 1372 662 1415 simplicibus,
692 1371 788 1406 foliis
816 1371 1080 1405 dissitiusculis
1107 1373 1234 1415 paullo
1262 1372 1542 1415 angustioribus
1568 1372 1614 1406 ob
1635 1382 1734 1404 mar-

199 1434 323 1477 ginem
361 1432 568 1466 ventralem
601 1432 722 1474 magis
751 1431 931 1465 inflexum
959 1432 1180 1465 subfalcatis
1208 1432 1352 1475 longius
1379 1431 1602 1465 acuminatis
1631 1433 1737 1475 apice

199 1494 277 1528 solo
306 1492 472 1528 serratis.
524 1491 812 1525 Ramificatione
848 1491 978 1525 similis
1008 1492 1076 1526 Br.
1104 1492 1310 1533 tenaicauli‚
1339 1492 1404 1526 sed
1432 1492 1539 1524 caule
1566 1490 1735 1532 flaccido,

198 1552 296 1587 foliis
323 1551 555 1595 longioribus
584 1552 865 1595 angustioribus
893 1556 930 1585 et
956 1552 1232 1596 ampliigastriis
1259 1552 1409 1586 diversa
1435 1557 1504 1586 est.

197 1656 233 1689 p.
262 1648 346 1680 285.
567 1649 600 1680 3.
654 1646 970 1692 Bryopteris
1000 1646 1338 1681 Trinitensis.

297 1717 389 1752 Var.
417 1720 462 1758 β,
504 1719 710 1751 intertmdia
740 1720 829 1750 soliis
855 1719 1068 1762 longioribus
1095 1719 1416 1761 ainphigastriisque
1445 1717 1636 1751 evidentius
1661 1729 1736 1750 ser-

199 1779 289 1817 ratis,
316 1779 458 1809 ramulis
486 1779 584 1810 valde
613 1781 804 1810 attenuatis.

296 1837 433 1871 Forma
459 1837 566 1882 quasi
595 1837 817 1872 intermedia
845 1837 940 1871 inter
968 1836 1038 1870 Br.
1054 1836 1232 1882 silicinam
1258 1847 1280 1866 κ
1307 1840 1344 1871 et
1363 1836 1433 1871 Br.
1458 1836 1710 1870 Trim‘tensem.

396 1896 565 1931 Liclrman
593 1898 669 1931 Iter
696 1898 871 1931 sslexicmz.
899 1897 1017 1930 inedit.

298 1967 460 2001 Habitat
487 1968 523 2001 in
553 1969 659 2001 terris
685 1969 900 2002 Mexicanis
928 1969 1027 2012 apud
1045 1969 1213 2002 Mirador
1232 1965 1459 2010 (Liebman)‚
1487 1967 1523 2001 in
1538 1967 1734 2002 Columbia

200 2027 301 2070 apud
330 2027 467 2068 Tovm,
496 2027 533 2060 in
562 2028 700 2071 Caripc
729 2033 765 2061 et
793 2028 940 2062 Merida
970 2029 1128 2071 (Moritz
1155 2029 1193 2061 in
1222 2029 1299 2061 Hb.
1329 2028 1424 2071 Reg.
1454 2029 1574 2062 Berol.
1603 2039 1638 2071 n.
1670 2031 1731 2061 111

201 2097 234 2121 a.
265 2087 299 2122 b.
327 2092 364 2121 et
388 2091 436 2123 98
463 2087 534 2131 b.).

299 2145 519 2190 Specimina
547 2146 769 2180 Columbica
796 2147 983 2180 interdum
1013 2148 1108 2182 foliis
1137 2147 1371 2181 brevioribus
1402 2147 1590 2193 igiturque
1625 2147 1736 2182 latio-

201 2205 305 2239 ribus
341 2205 461 2248 magis
495 2205 607 2240 etlam
643 2206 689 2239 ad
726 2206 994 2253 Bryopteridem
1028 2207 1258 2241 tenuicaulem
1292 2208 1452 2241 tendunt
1484 2212 1520 2242 et
1552 2208 1661 2252 quasi
1699 2208 1735 2241 in

199 2265 387 2299 nonnullis
421 2265 605 2309 exemplis
638 2266 794 2300 formam
829 2266 1088 2301 intermediam
1114 2267 1209 2301 inter
1236 2268 1331 2301 hanc
1358 2267 1473 2303 etBr.
1504 2268 1738 2304 Trinitensem

201 2325 446 2360 constituunt.
499 2325 778 2372 ABryopterz’de
799 2326 938 2369 filicina
965 2332 1091 2361 tamen
1119 2337 1267 2371 semper
1294 2328 1408 2362 lobuli
1431 2329 1735 2373 configuratione,

201 2394 298 2427 quae
327 2384 397 2419 Br.
429 2385 666 2420 Trinitensem
693 2386 817 2427 refert,
845 2387 993 2422 differre
1020 2387 1204 2421 videntur.

700 2502 1228 2558 Thysananthus.

201 2590 239 2625 p.
266 2582 350 2615 287.
380 2579 442 2615 lin.
478 2583 532 2615 16.
569 2592 654 2626 sup.
713 2582 913 2616 Accedunt
947 2581 1045 2616 duae
1078 2583 1224 2627 species
1251 2594 1271 2618 e
1297 2584 1406 2619 Nova
1434 2584 1661 2629 Zeelandia‚
1696 2591 1738 2621 ut

347 2651 527 2675 numerus
553 2642 600 2676 ad
626 2644 649 2675 6
676 2643 823 2687 species
849 2646 1054 2678 accrescat.

197 2750 240 2798 p.
267 2742 350 2775 289.
460 2743 495 2775 5.
550 2727 962 2788 I'hysananthus
988 2744 1313 2780 scutellatus
1337 2745 1487 2790 Taylor.

303 2810 371 2847 ΤΙι.
399 2812 498 2847 caule
524 2814 707 2860 caespitoso
731 2815 958 2850 adscendente
983 2816 1184 2860 dichotomo,
1211 2816 1360 2852 surculis
1384 2819 1516 2861 erectis,
1536 2816 1644 2864 foliis
1668 2817 1735 2852 im·

204 2868 352 2905 bricatis
384 2870 643 2918 subpatentibus
675 2875 830 2908 convexis
871 2874 1024 2921 oblonyis
1058 2877 1295 2922 ivtteyerrimis
1334 2878 1430 2925 apice
1469 2877 1627 2912 recurvis
1663 2875 1739 2912 basi

203 2930 607 2978 sinuato-complicatis,
644 2931 766 2969 lohulis
789 2934 950 2969 rotundis
974 2935 1159 2980 involutis,
1195 2937 1458 2984 amphiyastriis
1479 2935 1738 2973 subimbrieatis
