1824 3252
153 205 225 237 600
848 195 990 229 Riccia.

530 315 564 345 2.
616 310 801 345 Biz-cia
826 317 1117 353 corocarpa
1147 309 1321 343 Bischoff.

252 387 302 421 R.
320 384 467 432 frondis
493 382 630 416 laciniis
657 379 851 415 linearibus
876 379 994 426 bifidis
1017 380 1073 415 vel
1097 380 1364 414 sabdc'clwtomis
1388 382 1497 414 medio
1514 381 1688 414 carinata-

154 447 295 482 sulcaels
320 443 439 479 subtus
465 441 564 475 valde
590 441 795 475 incrassatis
819 441 1071 482 concoloribus‚
1099 439 1184 474 Iobis
1215 438 1366 484 oblonyis
1391 440 1616 473 acutium-ulis
1641 438 1693 472 vel

153 506 280 541 obtusis
302 504 465 538 retusisve
490 502 650 546 onaryine
675 499 780 547 plano
810 499 966 545 9Iabris,
999 499 1182 546 fructibus
1214 510 1316 544 saper
1348 498 1556 532 laomim-um
1592 498 1690 532 basin

153 568 289 600 demum
314 564 407 598 rima
432 562 584 595 hiantem
610 560 821 605 ayqreyatis.

347 624 463 657 Riccia
491 633 675 665 sorocarpa
713 619 882 667 Biseleqff'
908 620 950 654 de
976 618 1071 665 Hep.
1098 620 1135 652 in
1163 618 1251 652 Nov.
1280 618 1361 652 Aet.
1390 618 1457 652 Ae.
1488 618 1575 651 Nat.
1604 616 1690 651 Cur.

432 681 570 716 XVII.
607 684 643 715 2.
675 693 712 728 p.
744 683 847 715 1053.
876 686 900 715 t.
930 683 989 715 71.
1012 679 1052 725 f.
1082 681 1136 713 ll.
1171 677 1279 722 (εκεῖ.
1306 691 1380 725 syn.
1409 678 1556 712 Ricciae
1582 678 1691 711 mini-

433 754 509 775 ‘mae
535 741 696 786 Racldi).

348 803 460 834 Riccia
488 803 634 833 minima
664 800 772 835 Leers
800 798 864 835 Fl.
892 797 1072 833 Harborn.
1094 811 1133 845 p.
1160 801 1243 833 252.

192 864 205 892 ‚²
231 864 266 902 β,
295 862 426 902 maior,
463 861 586 893 fronde
614 861 735 894 subtus
765 861 939 894 discolore
967 860 1010 892 ad
1037 861 1171 903 apicem
1199 860 1349 898 sulcata,
1383 858 1550 890 fructibus
1577 859 1692 889 minus

298 924 520 954 coacervatis.

438 979 618 1026 Biscltqff.
645 980 668 1014 l.
696 992 726 1014 c.

432 1042 548 1073 Riccia
576 1039 782 1072 intermedia
810 1037 921 1073 Miill.
951 1037 1062 1071 Herb.
1091 1036 1199 1071 Βανά.

251 1098 412 1133 Habitat
445 1099 481 1133 in
514 1098 729 1143 praeruptis
758 1097 941 1132 montium
976 1101 1014 1131 et
1048 1096 1119 1131 viis
1147 1095 1251 1130 cavis
1279 1094 1504 1130 Germaniae
1539 1101 1574 1129 ct
1609 1106 1692 1128 eum

156 1170 230 1192 var.
260 1160 281 1199 β
308 1158 345 1192 ἰι]
375 1158 564 1193 Sardinia.

252 1218 414 1252 Riceiam
447 1230 689 1264 sorocarpam,
726 1216 831 1261 prius
867 1227 889 1250 a
931 1215 1040 1251 nobis
1082 1213 1275 1257 (Limlenb.
1319 1214 1359 1248 (le
1394 1214 1493 1249 Πίου.
1531 1227 1570 1260 p.
1608 1218 1692 1250 427.

156 1280 242 1312 Nees
267 1279 311 1312 ab
340 1279 401 1313 Es.
430 1279 521 1325 Hep.
551 1278 687 1323 Europ.
716 1276 786 1310 IV.
806 1289 845 1323 p.
872 1277 969 1319 398)
995 1287 1043 1311 ex
1071 1275 1273 1310 autoritate
1300 1274 1419 1319 ipsius
1443 1275 1488 1308 cl.
1506 1275 1693 1309 Bisehoffii

154 1350 220 1382 pro
255 1338 386 1373 eadem
422 1339 547 1382 specie
584 1348 627 1371 ac
670 1337 798 1370 Riceia
824 1337 970 1369 minima
1006 1335 1131 1369 Raddi
1168 1336 1356 1376 habitam,
1392 1335 1439 1368 ab
1476 1336 1545 1369 hae
1581 1336 1693 1379 piane

154 1400 339 1434 diversam
373 1409 456 1433 esse
484 1402 615 1442 postea
643 1395 913 1441 speciminibus
949 1395 1074 1429 multis
1110 1396 1157 1429 ab
1195 1398 1347 1429 auctore
1388 1395 1470 1440 ipso
1514 1396 1693 1430 benevoie

155 1458 440 1494 communicatis
473 1457 682 1502 iisdemque
726 1467 811 1490 cum
851 1454 1132 1499 exemplaribus
1173 1455 1381 1489 numerosis
1413 1455 1639 1498 comparatis
1675 1467 1694 1489 e

156 1518 328 1553 herbario
364 1517 566 1551 Raddiano
611 1528 633 1550 a
675 1517 722 1551 cl.
759 1516 850 1551 Savi
893 1515 1059 1559 acceptis
1092 1514 1263 1560 persuasi
1299 1525 1440 1549 sumus.
1508 1516 1573 1550 Est
1608 1527 1695 1551 vero

155 1579 297 1623 optima
324 1578 469 1623 speeies
496 1582 532 1612 et
559 1576 767 1611 certissime
793 1575 939 1617 eadem,
966 1586 1078 1620 quam
1109 1575 1220 1609 Leers
1246 1574 1283 1608 in
1310 1574 1420 1608 Flora
1436 1573 1691 1609 Herbornensi

155 1637 225 1670 sub
260 1638 411 1672 nomine
447 1638 590 1671 Riccz'ae
621 1637 786 1671 minimae
810 1635 1030 1680 descripsit,
1068 1635 1122 1669 uti
1164 1635 1304 1668 docent
1335 1634 1564 1678 specimina,
1596 1644 1693 1678 quae

156 1698 393 1741 possidemus
432 1697 469 1731 in
515 1708 605 1741 agro
644 1695 903 1731 Herbornensi
940 1695 1036 1729 lecta
1081 1694 1162 1728 loco
1201 1696 1282 1738 ipso
1322 1705 1343 1728 a
1381 1692 1532 1728 Leersio
1568 1693 1692 1726 allato.

155 1756 331 1791 Vidimus
357 1768 508 1803 quoque
542 1758 638 1791 hanc
666 1756 829 1801 speciem
858 1755 895 1789 in
933 1766 1022 1798 agro
1049 1753 1378 1798 Dillenburgensi‚
1412 1765 1529 1798 prope
1555 1753 1690 1787 virce-

155 1817 315 1860 burgum
341 1823 379 1852 et
406 1817 452 1852 ad
482 1817 683 1851 Hambach
710 1817 858 1850 lectam.
899 1815 1131 1849 Dubitamus
1158 1825 1246 1849 vero
1273 1825 1320 1848 an
1348 1825 1424 1849 var.
1452 1816 1474 1855 β
1499 1813 1567 1856 (R.
1583 1814 1693 1847 inter-

154 1878 265 1911 media
291 1876 417 1919 Miin.)
453 1887 584 1911 revera
611 1876 658 1910 ad
695 1876 746 1911 R.
772 1887 996 1921 sor-ocarpam
1021 1875 1208 1919 pertineat
1241 1875 1298 1909 vei
1327 1873 1450 1919 potius
1476 1874 1524 1909 ad
1552 1874 1602 1908 R.
1627 1874 1694 1907 mi-

154 1937 286 1970 nimam
314 1936 512 1980 alieganda
537 1940 603 1969 aut
629 1935 782 1979 propria
806 1934 952 1979 species
978 1934 1038 1968 sit.
1089 1934 1122 1969 A
1154 1934 1205 1969 R.
1219 1933 1370 1980 niyrelIa
1398 1934 1500 1975 DC.‚
1533 1942 1693 1978 quacum

157 1994 261 2038 prius
287 1995 475 2030 Lindenb.
501 1995 598 2029 hanc
625 1994 834 2035 coniunxit,
859 1997 962 2028 certo
988 1993 1139 2029 diversa
1165 1998 1234 2029 est.

584 2078 619 2110 3.
673 2075 860 2111 Rieeia
885 2073 1109 2119 bifurca
1135 2074 1275 2112 Hoffm.

256 2150 306 2185 R.
334 2150 470 2196 fronde
511 2148 623 2184 solida
661 2147 849 2183 dichotome
886 2147 998 2181 divisa
1035 2145 1256 2186 substellala,
1305 2145 1442 2179 laciniis
1481 2145 1695 2180 subewzeatis

157 2209 398 2253 cinai-ymmo·
414 2209 535 2243 bilobis
562 2208 645 2243 lobis
669 2206 922 2253 diveiyentibus
940 2206 1134 2253 pandatis,
1158 2205 1317 2250 maryine
1342 2205 1531 2239 incrassato
1557 2207 1694 2240 adscen-

158 2270 254 2302 dente
279 2268 391 2315 ample
417 2269 560 2304 sulcatis
579 2268 735 2314 92aueis,
768 2267 888 2303 subtus
912 2265 1264 2314 purpurascentibus.
1313 2264 1511 2307 (Contactu
1540 2264 1697 2298 celluloso

157 2329 355 2373 continuo).

353 2389 466 2420 Riccia
499 2389 633 2420 bifurca
671 2386 844 2421 Lindenb.
881 2386 984 2421 Riec.
1019 2385 1041 2419 I.
1077 2398 1105 2419 c.
1136 2398 1175 2432 p.
1205 2388 1287 2419 425.
1324 2397 1359 2418 η.
1387 2388 1422 2418 2.
1458 2392 1483 2418 c.
1511 2387 1571 2418 20.
1595 2386 1634 2430 f.
1668 2388 1694 2418 Ι.

437 2446 490 2489 (c.
517 2447 663 2493 synon.)
715 2446 763 2481 Ν.
778 2444 822 2479 ab
838 2445 886 2479 Ε.
916 2446 1009 2491 Hep.
1029 2445 1121 2479 Eur.
1150 2444 1220 2480 IV.
1243 2456 1281 2490 p.
1296 2443 1448 2485 LXIX,
1475 2446 1548 2478 389
1565 2450 1595 2477 et
1609 2446 1696 2477 396.

436 2519 471 2539 n.
499 2510 533 2541 2.
589 2505 716 2540 Wallr.
748 2506 785 2540 in
813 2505 922 2540 Lina.
950 2505 1065 2540 XIV.
1095 2504 1131 2539 b.
1151 2516 1190 2550 p.
1217 2506 1299 2538 689.
1325 2516 1360 2537 η.
1387 2505 1473 2537 355.

351 2569 464 2599 Riecia
490 2568 609 2609 glauca
625 2566 779 2601 Schmid.
798 2565 849 2601 Ie.
870 2572 903 2599 et
919 2565 1031 2600 Anal.
1044 2564 1097 2611 pl.
1115 2564 1168 2598 II.
1192 2570 1219 2598 t.
1235 2566 1294 2598 44.
1311 2563 1351 2608 f.
1370 2563 1399 2597 Ι.
1422 2569 1454 2596 et
1475 2567 1585 2596 auc-tt.
1599 2561 1695 2607 plur.

352 2628 465 2658 Riccia
493 2628 612 2670 glauca
649 2640 719 2659 var.
746 2628 780 2659 b.
808 2627 1015 2659 intermedia
1042 2624 1219 2671 Biscleqffi
1247 2622 1269 2657 ἶ.
1296 2635 1325 2658 c.
1347 2635 1386 2669 p.
1417 2625 1522 2657 1059.
1583 2621 1696 2656 Miela.

442 2686 530 2720 Nov.
560 2685 648 2719 Gen.
673 2698 710 2731 p.
741 2688 821 2720 107.
849 2698 884 2721 n.
911 2688 945 2719 6.
973 2691 998 2719 t.
1025 2688 1084 2720 57.
1101 2684 1140 2730 f.
1168 2689 1203 2719 8.
1229 2686 1243 2717 ’ἶ

259 2746 418 2780 Habitat
436 2745 526 2780 iocis
547 2746 710 2780 humidis
723 2745 898 2789 Europae
918 2747 955 2778 et
974 2744 1172 2778 Americae
1191 2741 1496 2787 septentrionalis
1517 2740 1582 2776 sed
1601 2752 1696 2775 rara.

465 2827 489 2869 ἦ
515 2831 550 2862 4.
601 2827 790 2862 Riceia
817 2826 1073 2869 epia-arpa
1099 2825 1235 2859 Wallr.
1263 2824 1300 2858 in
1329 2824 1399 2859 litt.

265 2899 312 2932 R.
336 2899 468 2944 smnde
499 2898 610 2933 solida
643 2897 890 2933 subdichotome
923 2898 1034 2931 divisa
1066 2896 1270 2931 substellata
1303 2896 1527 2930 imbricatave
1560 2894 1698 2933 lineari,

162 2956 297 2989 laciniis
324 2964 422 2991 acute
453 2957 600 3004 bifurcis
634 2957 771 2992 laciniis
803 2956 1028 2991 acutiusculis
1062 2957 1220 3001 maryine
1254 2957 1446 2991 incrassato
1478 2954 1699 2989 adscendente
