1824 3252
751 191 1029 235 Chiloscyphus‚
1588 197 1650 227 173

139 304 340 339 minoribus
379 314 398 337 e
426 302 612 337 reniformi
641 303 983 338 suborbicularibus
1022 303 1186 338 ovatisvc
1226 308 1336 348 atque
1368 305 1463 339 inter
1500 317 1579 340 sese
1614 307 1648 339 in

138 364 259 398 medio
284 362 381 397 cauli
408 362 545 396 dorsali
572 362 651 395 basi
678 366 849 397 connata.
899 362 1006 396 Folia
1029 363 1289 408 perichaetialia
1316 363 1401 398 bina
1421 363 1644 407 inaequalia.

136 423 281 463 biloba‚
319 421 413 455 lobis
448 421 619 455 dentatis.
671 421 837 454 Alterum
871 421 1085 465 perichaetii
1123 421 1248 456 folium
1283 423 1396 466 duplo
1431 422 1550 456 maius
1588 423 1645 455 in-

136 482 277 523 venies,
303 485 340 514 et
354 491 464 525 quam
479 483 619 524 partem
635 480 734 514 nudo
750 480 857 514 oculo
872 490 938 523 pro
958 480 1222 523 amphigastrio
1241 480 1462 514 involucrali
1480 481 1648 520 haberes,

136 551 205 584 ope
240 540 348 575 lentis
383 544 525 583 partem
563 539 616 574 vel
653 539 775 573 lobum
812 538 930 582 ipsius
963 538 1036 573 folii
1073 538 1345 582 perichaetialis
1381 539 1530 573 maioris
1567 549 1649 573 esse

135 599 301 640 videbis,
334 609 431 643 quae
458 602 580 632 tamen
607 597 854 631 verisimiliter
879 608 946 641 pro
973 597 1256 640 amphigastrio,
1295 598 1367 632 alio
1393 598 1502 632 modo
1537 608 1580 631 ac
1613 597 1649 630 in

135 659 230 693 foliis
257 658 415 692 caulinis
442 667 525 690 cum
553 656 639 690 folio
665 655 977 700 correspondente
1002 655 1158 697 coalito,
1195 656 1368 690 habenda
1401 661 1468 691 est.
1522 656 1648 690 Folio—

135 728 213 751 rum
252 717 453 751 verticillns
494 714 841 758 subperiehaetialis
880 714 975 748 foliis
1019 714 1114 748 binis
1156 718 1192 748 et
1231 715 1494 758 amphigastrio
1530 714 1648 757 magis

133 775 334 819 conspicuo
360 773 610 817 componitur;
637 772 695 806 hic
711 773 925 813 verticillus,
953 776 992 806 ut
1019 783 1097 807 mos
1113 776 1169 807 est
1187 773 1222 806 in
1239 773 1508 818 Chiloscyphis‚
1534 774 1649 807 multo

132 834 261 867 minor.
323 832 512 865 Ramellus
550 830 712 864 fructifer
747 831 1008 871 brevissimus,
1048 835 1088 864 ut
1123 842 1241 875 nuper
1280 832 1463 874 diximus,
1502 831 1648 865 duobus

132 892 284 934 paribus
310 889 478 923 foliorum
504 890 663 923 vestitus
689 900 737 922 ex
765 889 900 931 angulo
927 890 1181 933 amphigastrii
1216 902 1235 924 e
1262 896 1389 925 ventre
1423 890 1541 924 caulis
1576 890 1644 922 ad—

130 950 292 989 scendit,
328 948 482 992 eiusque
520 948 616 991 apici
651 948 887 992 periantlzium
913 948 1134 990 oblongum,
1171 960 1298 982 versus
1334 949 1477 993 apicem
1514 949 1646 982 obtuse

131 1008 330 1052 plicatum,
368 1018 430 1041 ore
465 1006 590 1040 ciliato
625 1006 773 1040 insidet.
828 1007 921 1040 Cum
961 1008 1115 1050 capsula
1150 1012 1208 1041 sat
1242 1018 1375 1050 magna
1411 1008 1479 1047 sit,
1516 1008 1646 1041 fissura

128 1066 325 1110 periantlrii
360 1065 502 1099 laterali
538 1065 574 1098 in
610 1076 717 1108 opem
754 1069 886 1099 vocata
928 1065 1083 1108 emergit
1117 1076 1135 1099 e
1170 1064 1396 1108 perianssfio,
1455 1066 1561 1099 euius
1603 1076 1645 1099 os

131 1125 205 1159 fere
239 1136 356 1169 aeque
394 1127 498 1167 patet
536 1134 647 1168 quam
674 1123 872 1167 perianthii
901 1122 1066 1165 cavitas,
1103 1123 1197 1157 ciliis
1223 1128 1367 1157 tantum
1394 1124 1431 1158 in
1459 1135 1520 1158 ore
1552 1135 1641 1158 con-

129 1183 355 1217 niventibus.
423 1182 649 1216 Pedunculus
685 1181 898 1222 bilinearis;
942 1184 1085 1216 elateres
1124 1182 1272 1226 bispiri;
1317 1195 1436 1228 sporae
1476 1194 1644 1225 magnae,

128 1241 267 1275 echinis
298 1241 524 1276 tenuissimis
559 1246 823 1285 exasperatae,
859 1242 999 1276 fuscae.
1061 1241 1233 1287 Calyptra
1260 1242 1424 1284 globosa,
1453 1242 1532 1276 basi
1557 1245 1644 1276 6-8

128 1300 275 1344 pistillis
302 1300 480 1334 abortivis
508 1300 658 1344 stipata.

208 1358 356 1392 >Differt
390 1370 411 1393 a
440 1359 504 1394 Cli.
531 1361 753 1393 decurrente.-
793 1359 888 1393 foliis
923 1370 995 1393 non
1032 1359 1336 1403 splendentibus,
1371 1360 1642 1404 amphigastriis

126 1417 246 1460 planis
273 1417 393 1452 minus
421 1423 521 1453 arcte
547 1418 947 1462 spinuloso-dentatis‚
974 1419 1164 1453 involucro
1190 1424 1226 1453 et
1252 1420 1470 1462 perianthio.

388 1516 421 1546 2.
475 1511 842 1557 Chilo-scyphus
867 1513 1153 1548 decurrens
1189 1512 1236 1546 N.
1264 1513 1311 1546 ab
1339 1513 1380 1546 E.

224 1582 288 1617 Cla.
314 1581 409 1616 caule
429 1582 676 1627 procumbente
701 1582 916 1624 subramoso,
941 1583 1048 1626 foliis
1072 1585 1179 1617 ovatis
1198 1584 1325 1618 obtusis
1349 1583 1645 1627 subinteyerrimis

126 1640 390 1685 subrepandisve
433 1641 687 1686 splendentibus
731 1642 886 1686 margine
924 1641 1055 1675 clorsali
1106 1641 1177 1675 basi
1214 1642 1250 1675 in
1288 1643 1386 1676 dorso
1419 1641 1527 1675 caulis
1567 1653 1642 1674 cum

113 1697 208 1742 folio
239 1700 390 1744 opposito
431 1699 533 1733 limbo
567 1700 662 1733 tenui
695 1706 862 1742 connato,
916 1700 1175 1745 ampliiyastriis
1211 1700 1400 1733 imbricatis
1435 1698 1639 1733 orbiculato-

122 1758 306 1800 quadratis
324 1757 546 1791 denticulatis
558 1756 741 1801 (dentibus
754 1759 875 1792 mediis
888 1758 1075 1792 maioribus
1089 1759 1168 1792 sinu
1185 1758 1443 1793 rotuncliusculo
1459 1757 1640 1801 discretis)

122 1816 287 1861 utrinque
320 1828 396 1850 cum
417 1816 524 1860 foliis
561 1816 720 1850 subiectis
745 1818 919 1858 connatis,
949 1817 1149 1862 periantltio
1181 1820 1422 1863 campanulum
1454 1829 1512 1850 ore
1543 1818 1640 1860 lonye

121 1875 305 1915 laciniam,
329 1874 436 1919 foliis
462 1875 729 1909 involueralibus
752 1876 849 1921 apice
873 1875 1121 1910 subbiclematis
1146 1882 1216 1909 toto
1246 1878 1404 1921 maryine
1434 1874 1637 1909 lucinulato—

122 1933 288 1973 dentatis,
333 1933 582 1979 amplziyastrio
626 1933 831 1968 involucrali
872 1933 962 1968 ovali
1001 1935 1173 1969 bidentato
1216 1937 1326 1969 altero
1359 1936 1466 1969 latere
1503 1939 1638 1969 tantum

120 2003 196 2025 cum
211 1992 305 2036 folio
329 2003 434 2037 usque
458 1994 506 2026 ad
529 1994 676 2027 medium
691 1993 776 2038 fere
801 2000 959 2028 connata

311 2065 575 2107 Jungermannia
605 2064 791 2095 decurrens
820 2063 868 2096 N.
895 2062 936 2096 ab
963 2062 1009 2099 Ε.
1052 2064 1101 2098 R.
1128 2072 1159 2099 et
1190 2064 1250 2099 Bl.
1279 2065 1371 2111 Hep.
1395 2065 1476 2098 Jav.
1498 2077 1534 2110 p.
1556 2065 1637 2097 206.

397 2133 432 2155 n.
462 2124 518 2155 15.
569 2121 652 2166 Spr.
679 2121 719 2155 S.
753 2121 833 2165 Vey.
862 2120 931 2155 IV.
962 2125 991 2154 l.
1016 2134 1052 2167 p.
1078 2125 1162 2157 223.
1188 2135 1224 2158 n.
1252 2126 1310 2158 70.
1362 2122 1521 2157 NabE.
1543 2122 1635 2166 Hep.

396 2180 479 2213 Jav.
504 2192 541 2226 p.
567 2182 625 2214 26.
652 2192 686 2215 n.
713 2182 771 2214 30.
823 2179 985 2214 Gottselie
1013 2181 1066 2216 Ic.
1096 2182 1188 2225 Hep.
1216 2183 1305 2216 ined.

310 2240 578 2281 Jungermanuia
605 2240 789 2283 splendens
818 2239 861 2272 L.
891 2239 936 2273 L.
964 2240 1001 2273 in
1030 2240 1150 2274 Leliin.
1180 2241 1274 2285 Puy.
1304 2240 1370 2274 IV.
1393 2242 1502 2286 1222.
1529 2251 1563 2273 n.
1584 2243 1634 2271 10.

395 2296 556 2331 Gottsclze
585 2297 636 2331 Ic.
664 2298 758 2343 Hep.
785 2298 875 2332 ined.

214 2366 390 2408 Formae,
425 2377 498 2400 non
534 2367 604 2401 nisi
632 2367 849 2402 variationis
876 2368 1027 2403 nomine
1061 2369 1328 2409 semovendae,
1363 2368 1510 2403 variant
1542 2369 1636 2403 foliis

119 2425 331 2469 explanatis
357 2429 394 2460 et
420 2425 515 2460 foliis
541 2437 687 2461 sursum
713 2427 1013 2463 conniventibus.

215 2483 375 2518 Habitat
398 2484 541 2519 inJava
567 2485 688 2519 insula
712 2484 809 2520 inter
836 2497 984 2521 muscos
1011 2490 1201 2521 terrestres
1227 2486 1327 2520 haud
1343 2496 1448 2520 rarus
1471 2485 1634 2530 (Blume,

120 2543 282 2577 Haskarl
309 2542 345 2576 in
377 2543 449 2577 Hb.
480 2544 539 2585 N.‚
569 2544 623 2584 L„
652 2544 717 2587 Lg.
746 2548 782 2579 et
809 2546 891 2589 G.);
917 2545 954 2579 in
981 2545 1090 2580 India
1117 2546 1284 2580 orientali
1309 2544 1488 2589 (Wallich
1507 2544 1543 2578 in
1561 2544 1633 2577 Hb.

120 2600 159 2635 L.
186 2605 223 2634 et
248 2601 314 2644 Lg.
351 2603 421 2636 sub
459 2603 605 2637 nornine
632 2603 742 2647 Juny.
768 2603 1003 2649 splendentis).
1056 2606 1085 2639 E
1113 2605 1300 2649 Singapur
1336 2604 1461 2639 retulit
1486 2602 1629 2637 Gaudi-

118 2659 238 2693 chaud
267 2661 357 2701 (Hb.
386 2662 439 2695 M.
466 2666 503 2696 et
531 2662 578 2697 N.
606 2673 642 2697 n.
668 2663 767 2708 334).
1316 2693 1321 2697 .

214 2718 354 2753 Ramus
382 2719 546 2755 fructifer
572 2732 620 2755 ex
648 2721 903 2765 amphigastrii
930 2724 1068 2766 angulo
1094 2734 1114 2757 e
1140 2724 1255 2757 latere
1281 2723 1398 2757 caulis
1417 2725 1518 2756 ortus
1537 2720 1632 2753 binis

118 2776 306 2811 verticillis
334 2778 502 2813 foliorum
531 2780 573 2823 (si
601 2781 867 2824 perichaetium
896 2781 1135 2826 adnumeres)
1162 2782 1329 2822 vestitur,
1360 2780 1418 2814 cui
1446 2780 1482 2814 in
1509 2779 1632 2813 infimo

117 2835 259 2869 ramulo
286 2835 410 2870 folium
437 2837 556 2882 impar
583 2840 743 2873 additur.
773 2859 815 2864 -—
850 2840 1062 2874 Per-iamlam
1089 2844 1230 2874 tantum
1257 2838 1433 2873 iuvenilia
1458 2838 1630 2877 vidimus,

117 2903 271 2936 quorum
319 2894 474 2929 laciniae
515 2897 588 2931 oris
625 2898 841 2941 capillares,
883 2902 926 2932 10
956 2919 972 2926 -
1008 2902 1050 2934 12
1090 2898 1229 2932 cellulis
1272 2901 1504 2936 exstructae,
1555 2896 1627 2931 iarn
