1824 3252
144 178 218 211 660
665 171 914 218 Plagiochila.
967 171 1170 216 Scapania.

142 297 242 342 apice
272 292 401 332 obtusis
442 288 499 324 vel
541 287 771 332 marginatis
816 284 1007 331 ibidemque
1039 297 1149 332 parce
1182 287 1335 322 dentatis
1366 288 1523 333 maryine
1553 285 1686 322 dorsale·

142 357 269 404 reflexo
292 352 538 398 inemori-imo,
583 347 738 382 ventrali
762 345 903 392 basique
928 348 966 379 in
991 348 1136 381 cristam
1160 348 1287 393 reflexo
1310 350 1680 395 rqmndo-undulato,

142 414 402 464 ampliiyastriis
427 408 619 444 linearibus
642 406 821 454 bipartitis
845 407 1007 441 dentatis.

336 471 543 514 Plagiochila
581 468 708 500 nudata
745 465 927 500 Sullivant
967 466 1089 501 Musei
1124 466 1410 512 Alleyhanimses
1443 482 1480 506 n.
1514 473 1600 506 222.
1636 491 1684 497 —-

423 528 762 565 SillimanAmeric.
780 527 909 561 Journ.
937 527 1038 573 osse.
1056 528 1129 561 and
1151 534 1238 563 arcs.
1269 532 1374 564 18⁴6.
1398 542 1434 576 p.
1453 532 1513 564 73.
1539 543 1574 565 n.
1599 535 1683 566 222.

240 592 403 628 Habitat
434 590 473 624 in
508 588 666 634 rupibus
700 587 812 622 humo
848 586 956 622 tectis
985 588 1032 622 ad
1058 589 1197 623 flumen
1224 589 1428 624 Savannah
1456 601 1573 636 prope
1599 591 1681 626 Au-

143 660 291 702 gustam
319 653 519 696 Georgiae.

375 734 453 766 106.
491 727 835 775 Playiochila
860 727 1230 763 ludovic-iana
1256 729 1457 764 Sullivant.

240 794 302 829 Pl.
328 792 426 828 caule
459 797 606 837 repente,
640 788 750 822 ramis
778 786 1063 821 adscendentibus
1081 800 1190 834 parce
1215 790 1360 823 ramosis
1374 790 1563 836 flexuosis,
1577 790 1685 836 foliis

139 856 336 891 imbricatis
362 848 801 900 patenti·de’veryentibus
834 848 1163 883 (limidiato-ovutz's
1193 851 1291 896 apice
1313 849 1682 896 suhmnaryinato-bi-

140 916 342 951 tridentatis
375 913 449 947 basi
481 910 600 945 subtus
635 910 674 943 in
709 909 856 942 mistam
889 909 1146 943 conniventibus
1176 912 1336 955 mat-qim
1376 910 1508 945 ‹lov-sali
1544 910 1683 956 reflexis

139 975 399 1022 inteperrimz’s,
426 972 560 1017 reliquo
587 968 723 1004 ambitu
748 968 1116 1016 spinulvso-dentatis‚
1143 970 1409 1016 ampltiyastriz's
1425 971 1605 1018 profunde
1629 970 1682 1004 bi-

141 1037 286 1082 trfficlis,
313 1035 450 1070 laciniis
477 1031 667 1066 linearibus
693 1029 1011 1064 ciliaco-dentatis.

336 1094 545 1136 Plagiochila
573 1091 810 1123 Ludoviciaua
854 1089 1035 1123 Sullivant
1072 1089 1192 1123 Musei
1217 1088 1503 1134 Alleyham'enses
1534 1102 1570 1125 n.
1598 1092 1683 1126 223.

420 1152 590 1187 Silliman
612 1151 771 1185 Americ.
786 1149 915 1183 Journ.
943 1148 988 1194 ⁰f
1005 1162 1051 1183 sc.
1071 1150 1145 1183 and
1163 1155 1250 1184 αντε.
1282 1153 1384 1185 1846.
1408 1163 1444 1197 p.
1460 1154 1519 1185 73.
1540 1164 1576 1186 η.
1596 1155 1682 1187 223.

336 1214 606 1257 Jungermaunia
634 1212 806 1254 spiuulosa
837 1209 951 1243 Hook.
970 1215 1003 1243 et
1025 1209 1155 1244 Wilson
1183 1211 1219 1244 in
1236 1210 1403 1245 Drumm.
1423 1212 1540 1248 Musc.
1558 1212 1682 1247 Amer.

421 1284 457 1306 n.
488 1274 567 1305 160.
595 1269 703 1313 (teste
728 1268 944 1314 Sullivant).

238 1334 401 1369 Habitat
429 1332 476 1367 ad
504 1331 682 1366 corticem
710 1331 884 1364 arborum
913 1329 949 1362 in
977 1328 1186 1364 Ludovieia
1213 1333 1250 1365 et
1277 1330 1475 1365 Alabama.

731 1422 1064 1479 §capania

140 1522 177 1557 p.
205 1513 265 1546 62.
295 1510 319 1545 1.
350 1513 405 1544 17.
434 1518 554 1553 ponas
603 1507 735 1548 „Inter
771 1509 816 1540 23
854 1505 1000 1550 species
1039 1510 1081 1541 14
1117 1507 1307 1551 Europam
1335 1511 1405 1542 etc,
1442 1508 1612 1544 incolunt
1633 1527 1682 1534 —-

286 1574 302 1604 1
333 1569 503 1604 Insulam
532 1567 706 1602 Hermite
735 1567 782 1601 ad
808 1566 1111 1601 Promontorium
1140 1567 1261 1603 Horn.
1301 1568 1483 1614 Scapania
1507 1568 1681 1603 undulata

287 1630 400 1665 etiam
428 1630 465 1662 in
497 1628 646 1662 Bolivia
673 1627 817 1661 crescit.

137 1702 174 1736 p.
202 1694 262 1726 62.
296 1691 324 1734 ξ.
355 1693 386 1724 l.
421 1690 634 1724 Abnormes
669 1687 883 1732 Scapaniae
919 1698 969 1722 ex
1006 1689 1074 1723 boc
1112 1699 1247 1732 genere
1282 1687 1434 1723 omnino
1476 1688 1679 1733 tollendae,

284 1751 425 1796 quippe
451 1760 550 1795 quae
578 1749 624 1783 ad
657 1748 901 1795 Gymnantleen
931 1748 1035 1795 Tayl.
1064 1748 1192 1783 referri
1219 1749 1371 1783 debent.

138 1822 176 1857 p.
202 1815 263 1846 62.
302 1823 337 1845 n.
379 1815 410 1845 1.
452 1810 729 1853 §capania
764 1810 1050 1844 surculosa
1085 1820 1171 1854 pag.
1210 1812 1275 1844 193
1314 1813 1400 1853 post
1436 1807 1682 1855 Gymnantlzen

289 1870 529 1905 Urvilleanam
555 1868 744 1913 ponenda.

139 1943 176 1977 p.
202 1935 260 1967 63.
298 1943 335 1965 n.
371 1934 406 1966 2.
460 1931 737 1973 §capania
783 1929 1112 1969 Urvilliana,
1164 1928 1239 1963 iam
1281 1927 1377 1962 inter
1421 1927 1681 1972 Gymnanthas

284 2003 318 2036 p.
352 1993 432 2024 193.
460 2001 495 2023 n.
524 1993 558 2023 4.
588 1989 719 2029 relata,
749 1989 846 2036 adde
874 1999 1079 2032 synonym:

336 2050 529 2094 IVIontayne
560 2048 696 2094 Voyaye
720 2060 767 2081 au
794 2047 886 2081 Pale
909 2048 996 2082 Sud.
1026 2048 1055 2081 I.
1073 2060 1110 2093 p.
1139 2050 1222 2082 262.
1237 2066 1280 2072 —-
1302 2047 1680 2093 HoolcerCryptoy'am.

419 2110 603 2144 mztarctie.
625 2121 663 2154 p.
690 2110 749 2141 41.
777 2120 810 2141 n.
837 2111 898 2141 29.
925 2127 972 2131 ——
997 2107 1130 2153 Ταμὼν
1155 2108 1248 2153 Hep.
1266 2108 1354 2142 Νου.
1381 2106 1593 2141 Zeelandiae
1615 2112 1679 2140 etc.

420 2172 459 2204 in
485 2170 597 2203 Lond.
625 2168 754 2202 Journ.
783 2167 827 2212 of
846 2166 910 2201 bot.
943 2170 1047 2202 1844.
1073 2179 1111 2212 p.
1140 2170 1224 2202 579.
1251 2180 1286 2201 η.
1319 2170 1373 2202 10.

239 2230 402 2265 Habitat
434 2229 471 2263 in
508 2230 620 2263 Freto
651 2226 906 2272 Magellanico
942 2227 1201 2271 (Hombron)‚
1239 2227 1276 2261 in
1313 2226 1454 2261 Insulis
1480 2225 1681 2260 Auckland

142 2291 334 2336 (Hooker)
361 2298 398 2324 ct
423 2290 461 2324 in
490 2290 605 2324 Terra
633 2299 706 2323 van
736 2287 895 2321 Diemen
924 2287 1127 2332 (Hooker).

240 2351 426 2386 Rhizoma
464 2360 623 2394 repens,
672 2359 884 2390 ramosum,
927 2349 949 2391 ἓ
983 2347 1125 2382 millim.
1165 2356 1356 2388 crassum,
1406 2344 1682 2387 succulentum,

143 2411 350 2458 squamulis
377 2409 642 2454 radicellisque
679 2408 773 2442 albis
807 2407 1003 2441 munitum.
1064 2407 1179 2441 Rami
1213 2406 1350 2448 erecti,
1387 2405 1463 2440 fere
1498 2405 1681 2447 unciales,

142 2472 312 2507 eiusdem
339 2482 383 2505 ac
411 2470 578 2504 rhizoma
605 2473 830 2509 structurae,
857 2468 941 2502 basi
967 2467 1090 2507 nuda,
1118 2479 1140 2502 a
1166 2466 1289 2501 medio
1317 2466 1365 2500 ad
1391 2466 1535 2510 apicem
1562 2474 1682 2508 usque

141 2530 392 2566 incrassatum
413 2530 548 2565 foliosi.
601 2529 708 2564 Folia
735 2539 907 2569 carnosa,
934 2527 1142 2569 verticalia‚
1171 2525 1475 2572 amplexicaulia‚
1502 2522 1679 2558 suborbi-

143 2593 291 2635 culata,
319 2591 679 2636 erecto-patentia,
707 2590 853 2632 integra
880 2589 938 2623 vel
966 2587 1389 2630 emarginato-biloba‚
1415 2584 1509 2620 lobis
1535 2583 1682 2618 obtusis

144 2651 410 2697 inaequalibus
447 2651 528 2685 sinu
567 2652 702 2685 obtuso
735 2654 894 2684 acutove
930 2649 1126 2689 discretis,
1167 2646 1309 2682 ambitu
1344 2645 1588 2688 integerrima
1620 2642 1683 2677 vel

145 2711 399 2753 denticulata,
439 2711 619 2745 inferiora
659 2709 843 2744 distantia
885 2709 1105 2754 minoraque
1144 2702 1683 2750 subrepando-emarginata,

145 2781 321 2815 suprema
357 2771 512 2805 densius
548 2770 746 2805 imbricata
781 2775 819 2805 et
855 2770 1057 2813 ampliora,
1101 2772 1252 2802 textura
1286 2776 1415 2800 crassa
1449 2764 1682 2799 subcarnosa

146 2833 366 2867 succulenta
392 2831 568 2875 insignia.
622 2831 733 2865 Color
760 2841 780 2864 e
809 2829 917 2864 viridi
945 2829 1146 2862 lutescens.
1189 2826 1292 2860 Odor
1319 2826 1490 2868 fragrans
1516 2821 1680 2855 aniseus.

147 2889 257 2924 Ratis
285 2891 456 2925 maculae
482 2901 637 2936 parvae,
664 2889 894 2935 marginales
921 2888 1142 2933 quadratae,
1168 2891 1343 2921 caeterae
1368 2881 1564 2923 rotundae,
1591 2890 1678 2924 gra-

147 2949 316 2992 nulosae,
344 2961 499 2995 opacae,
529 2949 739 2985 interstitiis
757 2949 995 2985 indistinctis.
1032 2946 1286 2982 Fructificatio
1303 2946 1422 2981 deest.
1437 2944 1577 2990 (Mont.
1593 2942 1616 2976 1.
1631 2940 1684 2986 c.)
