1824 3252
177 200 223 231 64
833 192 1032 236 Scapania.

275 309 433 342 Habitat
454 308 488 342 in
504 306 718 347 Germania,
749 305 959 345 Britannia,
989 305 1124 339 Suecia
1155 305 1390 348 (Thedenius,
1419 306 1548 348 Sillen,
1578 306 1693 341 Hart-

178 369 325 411 rnmn),
362 368 470 402 ltalia
495 368 557 409 (de
586 366 757 400 Notaris:
788 365 833 399 ad
863 376 972 408 rupes
999 365 1034 398 in
1063 365 1248 399 montanis
1270 365 1468 401 Sardiniae
1495 368 1696 411 australis),

177 428 213 460 in
242 426 392 460 Siciliae
430 430 552 460 monte
580 425 701 458 Aetna
736 425 971 468 (Balsamo),
1012 424 1048 458 in
1077 423 1225 458 Etruria
1254 424 1421 467 (Raddi,
1459 425 1623 469 Orsini),
1661 426 1697 458 in

179 486 411 528 Peloponeso
443 486 560 527 (Bory
601 484 646 516 de
685 483 739 516 St.
769 482 917 525 Vino),
958 483 993 516 in
1032 484 1157 517 Insula
1187 484 1350 528 Corcyra
1376 489 1446 519 etc.
1480 485 1525 520 ad
1563 490 1697 519 terram

179 545 327 578 nudam.
367 544 455 578 Var.
481 553 505 581 γ
529 543 638 576 etiam
668 542 702 575 in
719 542 975 576 Groenlandia
994 542 1125 586 (Curie
1146 548 1182 577 et
1206 544 1356 578 Breutel
1386 544 1421 577 in
1444 543 1518 577 Hb.
1539 544 1699 586 Flotov.)

482 642 515 673 4.
567 637 840 681 §capania
864 636 1163 682 Bar-tlinyii
1200 636 1246 670 N.
1277 637 1323 669 ab
1353 637 1394 671 E.

272 711 328 742 Se.
355 708 451 742 caule
477 715 615 754 repente
641 708 736 754 apice
762 708 997 748 adscendente,
1013 706 1120 753 foliis
1154 708 1388 751 iuteyerrimis
1422 706 1601 741 undulatis
1628 707 1699 740 basi

175 774 318 801 cuneata
356 767 640 814 amplectentibus
684 768 780 813 apice
806 766 940 814 patulis
966 766 1160 812 aequaliter
1186 767 1402 812 breviterque
1438 766 1578 808 bilobis„
1617 765 1700 800 Iobis

174 826 393 860 subrotmzclis
418 828 606 874 cuspidatis
631 826 924 861 mum-onulatisve
954 826 1109 873 patulis,
1142 826 1313 860 involucri
1335 826 1442 872 foliis
1475 825 1700 872 amplioribus

176 887 370 920 rotundatis
406 886 694 921 submueronatis.

366 947 572 989 Plagiochila
589 948 764 989 Bardingii
782 945 838 980 M.
852 952 884 979 et
897 946 944 980 N.
958 946 1051 992 Hep.
1065 945 1157 980 Eur.
1172 945 1385 991 III.p.5‘20.
1398 943 1698 989 IV.]).XXXV.

363 1006 629 1048 Jungermaunia
666 1007 840 1048 Bar-ilingii
879 1005 988 1039 Herb.
1027 1006 1176 1052 Hampe.
1225 1006 1272 1038 N.
1312 1004 1353 1038 ab
1390 1004 1435 1038 Ε.
1476 1005 1569 1050 Hep.
1606 1004 1697 1037 Eur.

454 1064 504 1099 11.
526 1077 565 1111 p.
593 1067 675 1099 425.

364 1126 631 1168 Jnngermannia
659 1124 911 1168 cnspiduligera
942 1124 988 1160 N.
1017 1124 1059 1157 ab
1086 1124 1134 1158 E.
1163 1124 1257 1168 Hep.
1288 1123 1380 1157 Eur.
1411 1122 1439 1156 I.
1462 1125 1596 1168 p.180.
1621 1124 1698 1155 175.

367 1191 635 1232 Jungermanuia
670 1191 848 1232 subalpina
893 1201 959 1220 var.
1001 1172 1146 1233 tany-Str.
1192 1188 1232 1222 it.
1269 1189 1382 1234 Lapp.
1415 1189 1452 1223 in
1488 1189 1700 1224 Lindblom’s

456 1248 610 1282 Notiser.
639 1247 751 1281 VIII.
774 1260 811 1293 p.
837 1251 896 1282 96.

362 1309 629 1351 Jungermannia
667 1308 849 1350 aequiloba
888 1307 999 1341 Herb.
1039 1307 1186 1341 Hartm..
1228 1313 1260 1341 et
1296 1306 1410 1341 Sillen
1447 1307 1561 1342 Maso.
1599 1308 1699 1342 Suco.

452 1379 522 1401 ems.
552 1367 643 1408 VII,
671 1367 785 1402 VIII.

273 1426 431 1461 Habitat
463 1426 500 1460 in
535 1426 626 1461 locis
660 1427 840 1460 montosis
874 1426 1100 1460 Germaniae
1134 1425 1181 1460 ad
1216 1436 1331 1460 saxa:
1373 1425 1629 1469 Heiligenblut
1661 1425 1698 1459 in

177 1486 369 1520 Carintbia
395 1486 580 1531 (Funck),
620 1486 866 1520 Morawathal
894 1486 939 1519 ad
967 1486 1100 1529 pedem
1128 1485 1263 1519 montis
1291 1485 1531 1529 Schneeberg
1556 1486 1593 1519 in
1622 1486 1696 1520 Co-

177 1547 306 1580 rnitatu
336 1546 511 1581 Glazensi
546 1545 612 1589 (N.
641 1546 687 1579 ab
715 1546 793 1589 Ε.),
834 1545 870 1578 in
899 1545 1063 1588 Hercyn.
1099 1545 1204 1578 infer.
1240 1544 1438 1589 (Bartling
1470 1546 1506 1579 in
1544 1546 1620 1579 Hb.
1649 1545 1698 1580 H.

178 1605 348 1650 Hanrpe,
376 1605 603 1649 Wallroth);
639 1605 674 1639 in
703 1604 807 1639 saxis
842 1605 1275 1649 argillaceo—schistosis
1301 1616 1416 1649 prope
1444 1604 1629 1639 Mittersill
1663 1605 1699 1638 in

177 1665 385 1699 Salisburia
411 1664 601 1709 (Sauter);
630 1664 854 1699 Nidarosiae
881 1665 917 1698 in
945 1664 1100 1698 Sakkox
1128 1653 1351 1709 (singstrfim
1377 1665 1415 1699 in
1447 1665 1521 1699 Hb.
1553 1666 1632 1708 H.).

485 1764 520 1794 ὁ.
573 1759 848 1803 §capania
881 1759 1166 1803 aequiloba
1203 1759 1251 1794 N.
1279 1759 1326 1792 ab
1356 1760 1396 1793 E.

272 1832 328 1866 Sc.
345 1832 451 1877 soliis
475 1831 690 1865 subdentatis
721 1831 1033 1876 aequidistantibus
1066 1832 1201 1865 strictis
1228 1831 1429 1877 patentibus
1464 1831 1556 1864 brevi
1588 1830 1700 1876 spatio

176 1889 304 1931 bilobis,
333 1889 416 1924 lobis
441 1891 550 1924 ovatis
576 1890 801 1924 acutiusculis
825 1890 1087 1935 subaequalibus
1110 1890 1263 1935 patulis,
1295 1890 1494 1935 perianthio
1525 1889 1698 1923 involucro

171 1947 276 1992 paulo
301 1949 461 1993 Ionyiori.

367 2010 569 2051 l'lagloclrila
598 2009 778 2051 aequiloba
807 2007 862 2040 Ill.
892 2015 923 2041 et
952 2008 997 2040 N.
1052 2009 1098 2041 N.
1114 2008 1155 2042 ab
1179 2008 1218 2041 Ε.
1238 2008 1329 2054 ΗΡΡ.
1349 2007 1441 2042 Eur.
1470 2007 1543 2040 III.
1561 2009 1697 2051 p.520.

456 2067 522 2101 1V.
546 2080 584 2113 p.
613 2067 812 2101 XXXVI.

367 2129 633 2171 Jungermauuia
669 2128 848 2170 aequiloba
887 2126 1082 2170 Scltwaeyr.
1136 2126 1184 2160 N.
1211 2125 1255 2159 ab
1282 2125 1328 2159 E.
1364 2125 1456 2171 Hep.
1485 2125 1577 2158 Eur.
1607 2124 1635 2157 I.
1658 2138 1695 2170 p.

455 2189 536 2228 183,
568 2189 646 2222 175.
675 2187 726 2221 ΙΙ.
749 2198 787 2232 p.
814 2188 897 2220 428.
951 2185 1081 2219 Ekart.
1108 2185 1195 2232 Syn.
1222 2185 1333 2229 Jungs.
1359 2190 1385 2219 t.
1407 2184 1512 2229 ll.f.
1531 2188 1588 2219 90.
1643 2184 1698 2217 De

454 2246 601 2280 Notaris
612 2247 729 2280 Prim.
750 2246 842 2291 Hep.
857 2245 933 2280 ital.
945 2258 983 2291 p.
1004 2249 1055 2280 17.
1071 2258 1105 2279 n.
1125 2248 1177 2280 16.
1232 2244 1395 2278 Gottsclze
1408 2244 1460 2278 Ic.
1473 2244 1696 2290 Hep.inedit.

273 2302 432 2338 Habitat
457 2305 493 2340 in
522 2306 603 2340 udis
630 2305 764 2349 alpinis
795 2305 1040 2345 Salisburiae,
1068 2305 1230 2349 Styriae‚
1260 2304 1455 2339 Helvetiae
1483 2309 1519 2338 et
1545 2303 1695 2338 Italiae:

177 2364 214 2397 in
249 2364 397 2408 alpibus
424 2365 659 2399 Pedemontii
690 2365 829 2411 (Usa),
867 2365 904 2399 in
938 2365 1129 2408 sylvaticis
1164 2367 1341 2398 montium
1377 2375 1488 2408 supra
1526 2364 1622 2398 Erba
1660 2364 1695 2395 in

177 2434 266 2466 agro
294 2424 466 2458 Comensi
494 2425 541 2458 ad
569 2430 705 2458 terram
730 2424 793 2468 (de
822 2425 1002 2468 Notaris).

485 2523 517 2554 6.
568 2519 842 2564 §capania
876 2519 1168 2563 subalpina
1196 2519 1242 2552 N.
1269 2520 1315 2553 ab
1344 2518 1386 2552 Ε.

272 2589 330 2623 Sc.
345 2588 453 2633 foliis
488 2596 682 2625 extrorsum
715 2590 939 2625 denticulatis
971 2590 1285 2636 aequidistantibus
1320 2587 1478 2623 mollibus
1503 2588 1696 2622 imbricatis

175 2661 280 2695 usque
304 2650 351 2683 ad
373 2648 523 2682 medium
537 2649 621 2694 fere
647 2650 774 2695 bifidis,
801 2650 883 2684 Iobis
906 2650 1127 2685 subrotundis
1162 2649 1289 2683 obtusis
1314 2646 1575 2692 subaequalibus
1600 2653 1696 2679 arcte

175 2706 459 2749 incumbentibus,
473 2706 606 2753 fruc-tu
633 2735 641 2742 .
669 2734 677 2743 .
707 2735 714 2742 .

366 2768 572 2809 Plagiochila
606 2768 784 2809 subalpina
818 2768 874 2802 M.
909 2777 942 2802 et
972 2769 1018 2803 N.
1056 2769 1093 2802 in
1129 2769 1176 2802 N.
1205 2767 1246 2801 ab
1276 2767 1321 2802 E.
1364 2765 1454 2810 Hep.
1492 2764 1582 2798 Eur.
1623 2764 1693 2797 111.

447 2838 485 2872 p.
511 2828 594 2860 520.
622 2825 692 2859 IV.
713 2837 752 2870 p.
779 2825 977 2860 XXXVI.

365 2887 634 2928 Jungermannia
659 2886 834 2927 subalpina
871 2885 917 2918 N.
945 2885 987 2920 ab
1014 2886 1062 2921 E.
1099 2887 1192 2932 Hep.
1232 2885 1324 2919 Eur.
1362 2885 1391 2918 I.
1421 2897 1461 2930 p.
1498 2887 1576 2925 182,
1617 2886 1693 2917 175.

454 2945 504 2979 ΙΙ.
530 2957 566 2990 p.
595 2946 675 2979 427.
730 2944 856 2977 Ekart.
884 2944 1030 2990 Synops.
1057 2945 1166 2990 Juny.
1195 2951 1220 2978 t.
1254 2944 1358 2988 ll.f.
1385 2947 1444 2978 91.
