1824 3252
200 201 273 233 462
861 194 1065 230 Frullania.

199 310 505 351 mucronulaffisve,
554 308 654 352 foliis
698 307 1016 352 amplnyastrioque
1053 300 1322 343 incolueralibus
1365 310 1491 356 amplis
1534 311 1729 347 imbricatis

200 369 385 414 bi-trffldis
408 367 561 409 serratis,
581 366 781 412 periantliio
805 366 1054 413 subeylindrico
1079 366 1253 401 involucro
1278 367 1381 414 duplo
1403 368 1565 414 lowzyiore.

388 439 657 480 Jungermannia
684 446 884 470 mucronata
907 437 1029 472 Lehm.
1058 437 1154 482 Puy.
1180 437 1251 472 VI.
1275 451 1312 484 p.
1339 441 1399 473 54.
1425 453 1460 475 n.
1486 444 1545 475 28.

281 500 316 538 β,
342 496 546 537 subnzucica,
579 496 746 527 foliorum
773 498 978 528 mucronulo
1006 508 1106 540 saepe
1134 497 1304 531 obsoleto.

477 556 650 586 Frullania
677 555 868 587 Lochensis
896 554 1007 589 Herb.
1036 556 1188 601 Hampe.

294 625 457 659 Habitat
491 625 528 658 in
556 624 721 658 Peruvia
756 628 793 658 et
829 625 934 660 Chile
967 626 1176 670 (Poeppig,
1215 626 1292 661 Hb.
1321 626 1456 661 Kunze
1485 631 1522 661 et
1549 627 1635 672 N.);
1678 628 1724 661 ad

199 684 418 718 Par-melium
452 684 670 718 leucomelam
708 684 931 728 (Montagne
959 696 994 719 n.
1022 686 1107 729 29);
1147 686 1185 719 in
1222 685 1359 720 cortice
1392 686 1598 729 peruviano
1629 686 1725 729 (Hb.

198 744 313 790 Hp.);
354 745 390 777 in
430 742 586 788 imperio
622 744 827 778 Mexicano
861 744 1046 789 (ibidem).
1113 743 1205 778 Var.
1245 747 1267 785 β
1302 743 1340 778 in
1368 745 1484 780 China
1520 746 1566 779 de
1602 745 1726 780 Locha

198 803 392 848 (Hampe).

294 875 430 909 Differt
457 885 478 908 a
505 873 699 908 Frullania
724 873 1000 919 maerocepluda,
1028 874 1191 908 omnium
1219 873 1424 916 simillima,
1451 874 1548 910 foliis
1574 877 1724 912 brevio-

195 934 301 969 ribus
341 934 464 968 minus
502 933 612 976 longe
652 933 896 975 acuminatis,
945 933 1223 978 ampliigastriis
1263 933 1344 967 basi
1390 934 1509 977 magis
1554 935 1726 978 sinuatis,

195 993 401 1037 praecipue
427 1003 516 1026 vero
542 992 735 1027 involucro
771 993 963 1027 evidenter
989 992 1360 1027 serrato-laciniam.
1413 994 1606 1028 Frullania
1632 996 1726 1042 Βεμ-

195 1054 355 1087 richiana
382 1053 479 1087 foliis
506 1053 632 1087 minus
660 1052 891 1103 imbricatis,
919 1052 1217 1096 amphigastriis,
1239 1053 1430 1088 involucro
1458 1058 1493 1087 et
1518 1053 1727 1098 perianthio

196 1113 343 1157 longius
368 1113 494 1147 distat.

295 1185 361 1218 Ob
373 1195 402 1218 s.
439 1184 656 1218 Secundum
684 1183 874 1226 specimen
895 1182 1087 1225 originale,
1116 1193 1137 1216 a
1167 1184 1211 1216 cl.
1234 1183 1369 1217 Kunze
1390 1184 1436 1218 ad
1457 1185 1727 1227 Montagneum

196 1244 363 1284 missum,
390 1253 513 1277 veram
525 1242 754 1276 Frullanium
772 1249 1010 1276 mucronatam
1029 1242 1121 1276 L.et
1132 1242 1198 1285 Lg.
1220 1254 1302 1277 esse
1325 1243 1499 1278 vidimus.
1540 1243 1727 1277 Differunt

198 1308 322 1337 autem
335 1303 541 1347 specimina
560 1307 706 1335 nostra:
722 1301 817 1335 foliis
833 1301 990 1335 deflexis
1007 1311 1074 1334 nec
1089 1301 1535 1345 erecto-divergentibus,
1550 1302 1726 1336 auriculis

196 1362 356 1396 caulinis
386 1366 422 1396 et
448 1371 633 1395 ramorum
667 1361 848 1395 maiorum
884 1359 1113 1405 cylindriciS,
1153 1372 1222 1394 nec
1251 1361 1333 1395 vice
1362 1373 1470 1395 versa
1499 1361 1726 1396 ramulorum

197 1420 389 1459 extremis,
409 1420 504 1454 foliis
524 1420 815 1454 involucralibus
834 1421 993 1455 caulinis
1011 1419 1126 1463 duplo
1142 1419 1358 1462 maioribus,
1378 1420 1585 1464 perianthio
1604 1420 1724 1463 cylin-

196 1480 311 1513 drico.
364 1479 476 1513 Color
502 1479 639 1513 fuscus.
681 1479 786 1512 Retis
817 1479 966 1513 areolae
992 1479 1172 1521 minutae,
1200 1479 1397 1523 oblongae.
1445 1479 1726 1523 Amphigastria

197 1537 371 1581 rigidula.
392 1538 579 1572 Involucri
598 1538 685 1572 folia
701 1543 737 1573 et
750 1538 1020 1582 amphigastria
1035 1538 1253 1581 conformia,
1269 1539 1527 1583 subaequalia,
1539 1538 1727 1572 bi-trifida

196 1597 344 1630 laciniis
371 1597 491 1631 ovatis
519 1598 742 1631 acuminatis
771 1597 1088 1632 cinam-serratis.
1142 1598 1391 1632 Per-ianthizmi
1420 1598 1459 1635 13
1482 1598 1544 1631 lin.
1561 1598 1726 1641 longum,

198 1657 316 1699 laeve,
345 1657 569 1698 brunneum,
597 1657 850 1697 chartaceum,
878 1657 1052 1700 rigidum,
1078 1668 1256 1692 mucrone
1272 1657 1450 1700 longiore,
1477 1659 1560 1700 post
1584 1656 1727 1690 fructus

196 1726 386 1759 egressum
414 1715 646 1760 quadri-vel
674 1716 928 1760 pluripartiio,
952 1716 1205 1752 terminatum.
1238 1715 1305 1759 (N.
1334 1715 1381 1749 ab
1409 1716 1470 1761 E.)

565 1832 646 1864 115.
696 1830 988 1865 Frullania
1008 1831 1206 1873 patens
1233 1829 1352 1871 Ldbg.

293 1901 359 1934 Fr.
387 1899 483 1934 caule
507 1906 644 1945 repente
670 1900 861 1945 bzpz'uuato,
889 1901 996 1934 ramis
1013 1900 1223 1945 rumulisque
1249 1899 1509 1944 divewyentibus,
1523 1897 1631 1943 foliis
1654 1899 1723 1931 im-

197 1959 339 1993 bricatis
362 1958 495 2003 oblique
518 1959 677 1991 rotundis
702 1958 847 1992 breviter
872 1958 1057 2004 apiculatis
1084 1959 1231 1992 (teutisca
1256 1958 1399 2002 (rarius
1417 1958 1544 1991 obtusis
1559 1955 1725 2000 matteis)

194 2018 347 2050 siccitate
373 2015 466 2049 cauli
490 2015 762 2057 circumvolutis,
789 2016 958 2049 aziriculis
982 2016 1124 2050 evolutis
1142 2016 1338 2050 lanceolatis
1352 2015 1598 2050 canaliculatis
1616 2018 1724 2058 tectis,

195 2075 413 2109 ramulorum
437 2074 741 2119 oblonyo-clacatis
766 2077 1036 2109 semidenudatis
1067 2076 1159 2110 cauli·
1192 2076 1444 2122 adproximatis
1478 2081 1511 2109 et
1529 2063 1723 2121 parallelis,

196 2133 457 2178 amplufflzstriis
481 2132 677 2167 imbricatis
701 2133 983 2178 oblonyo-ovutis
1017 2138 1176 2180 marqine
1210 2142 1279 2169 toto
1310 2136 1442 2181 reflexis
1475 2135 1548 2169 basi
1569 2136 1723 2169 sinuato-

196 2193 453 2227 decurrentibus
468 2192 584 2236 bifidis
599 2192 735 2227 laciniis
750 2193 999 2235 obtusiusculz's,
1014 2194 1185 2228 involucri
1195 2195 1301 2240 foliis
1314 2196 1424 2228 ovatis
1438 2194 1550 2228 acutis
1564 2195 1725 2238 margine

195 2251 421 2297 subrepanclis
446 2251 557 2286 lobulo
589 2253 816 2297 inaequaliter
840 2252 867 2286 2
892 2273 908 2278 -
936 2252 962 2287 3
984 2274 999 2280 -
1015 2254 1098 2297 fido
1124 2254 1434 2300 amphiyastriiqne
1466 2253 1603 2287 laciniis
1627 2253 1727 2298 apice

197 2310 367 2344 subulatis
392 2312 547 2355 mar-(sine
572 2311 928 2354 inciso-subderemus,
952 2312 1150 2358 periantlzio
1177 2339 1185 2348 .
1214 2339 1222 2346 .
1251 2338 1260 2347 .

293 2381 454 2416 Habitat
486 2382 525 2416 in
557 2383 720 2416 Brasilia
769 2382 829 2425 (in
862 2384 939 2418 Hb.
966 2384 1009 2418 L.
1047 2394 1069 2417 a
1097 2383 1237 2418 Martio
1280 2394 1310 2418 s.
1351 2394 1387 2417 n.
1421 2383 1723 2427 Junyermamaiae

196 2447 334 2474 atratae
358 2439 500 2484 missa).

293 2514 534 2548 Iuvolucrum
567 2512 644 2547 fere
681 2516 723 2546 ut
758 2512 794 2546 in
832 2511 1024 2546 Frullania
1060 2513 1268 2560 cylinclrica,
1310 2513 1377 2547 sed
1419 2511 1507 2546 folia
1550 2510 1722 2546 breviora

196 2572 364 2607 eiusdem
391 2572 530 2607 formae
556 2582 600 2606 ac
625 2571 662 2605 in
689 2571 884 2606 Frullania
908 2579 1109 2607 mucronata
1143 2573 1291 2607 brevius
1320 2582 1406 2605 vero
1432 2571 1622 2615 apiculata
1654 2581 1724 2604 nec

195 2632 364 2675 margine
397 2632 538 2665 reflexa
577 2634 613 2664 et
644 2629 876 2664 involucrum
913 2631 1076 2666 diversa.
1138 2632 1169 2666 A
1205 2630 1399 2665 Frullania
1438 2637 1558 2665 atrata
1598 2630 1724 2665 multis

196 2690 294 2724 notis
319 2689 446 2725 distat.
499 2688 756 2724 Perianthium
782 2689 899 2724 deest.

452 2789 531 2821 116.
580 2785 870 2820 Istrullam'a
890 2784 1184 2828 paradoxa
1208 2784 1252 2818 L.
1281 2788 1317 2818 et
1342 2783 1463 2827 Ldbg.

291 2857 358 2892 Fr.
385 2856 480 2890 caule
497 2855 742 2902 procumbente
767 2855 879 2889 ramis
897 2855 1086 2901 primariis
1104 2856 1285 2901 pinnatim
1311 2855 1563 2902 bipinnatimve
1585 2856 1720 2897 divisis,

186 2915 291 2961 foliis
315 2917 414 2952 dense
439 2914 636 2950 imbricatis
660 2914 815 2950 decurvis
840 2914 1199 2951 cordato-orbiculatis
1220 2916 1378 2960 maryine
1396 2914 1546 2951 ventrali
1563 2916 1725 2963 apic-eque·
