1824 3252
748 207 992 250 Plagiocliila.
1595 213 1639 243 43

109 330 243 357 serraca
270 321 366 357 soliis
393 321 516 355 minus
544 320 752 355 rotundatis
779 321 976 355 latioribus
1002 319 1125 354 minus
1152 320 1438 354 decurrentibus
1473 321 1640 364 margine

110 381 246 416 dorsali
275 381 525 424 integerrimis
553 385 590 414 et
616 380 729 415 crista
757 381 858 415 nuda
882 381 1016 414 differt.

206 441 354 475 Surculi
374 452 394 475 e
412 441 518 475 caule
540 445 691 485 repente
710 440 872 475 orientes
899 443 919 480 ὲ
933 442 975 472 -1
1000 439 1086 483 poll.
1105 439 1217 481 longi.
1258 438 1510 473 Fructificatio
1524 439 1639 474 deest.

207 500 543 543 Variatmargine
580 499 655 534 folii
691 499 849 534 ventrali
890 499 1009 542 magis
1048 498 1219 532 minusve
1257 498 1411 532 dentato
1449 496 1640 540 apicisque

111 559 285 594 dentibus
312 559 538 604 quandoque
566 559 768 594 destructis
795 563 859 593 aut
886 569 1040 593 numero
1067 568 1194 592 eorum
1223 562 1346 593 aucto.

450 657 507 688 48.
560 654 899 699 ΡΙαῃᾶοι-Ιιὸῑα
924 653 1077 687 calva
1113 651 1159 685 N.
1188 652 1235 685 ab
1262 651 1305 685 E.

210 726 269 760 Pl.
290 726 386 759 caule
404 731 543 770 repente
551 724 698 769 foliato,
721 725 830 758 ramis
844 724 967 758 erectis
979 722 1199 769 subpiimatis
1212 721 1358 756 ramulis
1365 721 1640 767 patenti-(liver-

108 785 278 829 ycntibus,
294 784 401 829 soliis
421 783 612 817 imbricatis
628 783 984 827 semiovato-oblouyis
997 782 1125 816 obtusis
1142 783 1300 827 maryiue
1314 780 1466 815 ventrali
1482 781 1643 825 apiceque

111 845 243 877 minute
274 843 669 882 serrato-denticulatis
703 842 822 876 subtus
856 842 929 876 basi
961 841 1108 875 dilatata
1145 842 1182 875 iu
1218 842 1361 875 cristam
1394 838 1642 873 bilamellatam

112 903 240 936 mulam
265 901 535 944 conniventibus,
550 902 685 946 fructu
712 900 892 934 terminali
917 907 948 935 et
975 913 991 933 e
1017 901 1243 941 dichotomia,
1273 899 1476 946 periantlzio
1508 900 1642 933 involu-

111 973 209 995 crum
240 973 308 995 non
333 967 518 1007 superante
549 961 687 995 obovato
717 959 811 994 alato
848 958 930 1003 (ala
955 966 1103 1004 anyicsta
1128 959 1272 993 obsolete
1297 958 1554 1005 denticulata),
1584 971 1643 993 ore

112 1020 246 1066 obliquo
271 1021 412 1055 dentato
424 1042 437 1047 -
455 1020 587 1055 ciliaw.

304 1081 516 1123 Plagioehila
545 1082 638 1112 calva
668 1079 715 1112 N.
743 1078 784 1113 ab
814 1078 861 1113 E.
890 1078 1061 1112 Limlenb.
1091 1078 1189 1123 Spcc.
1220 1077 1313 1120 Hep.
1340 1077 1443 1112 Fasc.
1471 1078 1500 1111 Ι.
1522 1091 1558 1124 p.
1584 1081 1641 1113 27.

389 1150 424 1172 n.
455 1141 509 1174 13.
546 1145 569 1171 t.
597 1141 631 1172 4.

303 1201 572 1242 Jungermanuia
600 1200 691 1231 calva
721 1198 768 1233 N.
796 1196 838 1230 ab
865 1196 912 1230 E.
943 1195 1074 1230 Enum.
1103 1195 1196 1240 Hel).
1224 1194 1305 1228 Jav.
1325 1207 1363 1240 J).
1389 1199 1448 1230 70.
1475 1208 1508 1229 η.
1535 1199 1594 1230 97.

305 1259 575 1301 Jungermannia
601 1259 761 1290 Javanica
789 1256 891 1297 Nees,
922 1255 1051 1289 Blume
1078 1261 1107 1288 et
1139 1253 1349 1287 Reum-arat
1376 1255 1470 1300 Hep.
1497 1255 1578 1288 Jav.
1608 1256 1643 1287 in

392 1328 466 1351 nov.
485 1322 551 1350 act.
566 1317 663 1350 acad.
676 1316 762 1350 Nat.
777 1328 850 1350 cur.
866 1315 963 1349 XII.
978 1315 1027 1349 P.
1050 1318 1128 1359 l.p.
1148 1316 1230 1347 237.
1249 1325 1283 1347 u.
1298 1316 1357 1348 54.
1373 1312 1483 1355 (arel.
1497 1315 1645 1359 synon.)

186 1391 218 1429 β.
260 1390 348 1421 foliis
375 1389 566 1420 maioribus
593 1390 690 1432 apice
716 1387 942 1420 solummodo
971 1386 1128 1418 dentatis.
1180 1383 1352 1417 Limleub.
1381 1383 1402 1418 l.
1432 1397 1460 1419 e.

213 1459 380 1493 Maxime
407 1458 519 1493 refert
547 1458 804 1503 Playiochilam
830 1458 1059 1504 lzypnoidem,
1099 1467 1195 1501 quae
1223 1455 1372 1500 quidem
1400 1454 1521 1489 differt
1549 1454 1645 1488 soliis

115 1518 233 1562 magis
273 1517 573 1562 divergentibus,
616 1519 729 1552 crista
764 1517 921 1552 ventrali
961 1517 1117 1551 dentata
1160 1519 1196 1549 et
1234 1514 1445 1559 periantliio
1485 1513 1644 1548 breviori

115 1578 359 1613 subrotundo.

211 1649 372 1682 Habitat
403 1648 439 1682 in
473 1649 594 1682 Javae
630 1648 818 1682 montibus
855 1646 1083 1681 australibus
1119 1651 1154 1679 et
1197 1645 1443 1680 orientalibus
1482 1642 1645 1684 regionis

120 1709 301 1749 Bantam,
330 1707 528 1742 Decembri
558 1712 593 1740 et
619 1706 803 1741 Januario
830 1705 1024 1740 mensibus
1057 1715 1140 1738 cum
1168 1703 1391 1748 perianthiis
1426 1704 1523 1736 lecta
1550 1712 1570 1734 a
1597 1702 1642 1734 cl.

124 1766 266 1800 Blume.
318 1766 409 1801 Var.
436 1768 458 1807 β
484 1766 521 1800 in
550 1766 663 1810 sylvis
691 1766 797 1800 Miss.
824 1765 995 1800 Tocache
1022 1763 1123 1806 regni
1153 1763 1356 1797 Peruvia'ni
1394 1763 1439 1796 ad
1468 1760 1644 1796 caudices

118 1825 256 1859 filicum
285 1825 427 1860 invenit
453 1826 498 1861 cl.
526 1826 710 1870 Poeppig.

357 1924 416 1955 49.
470 1920 811 1965 Plaryiochila
844 1918 1183 1953 mauriciana
1212 1917 1258 1950 N.
1287 1917 1334 1949 ab
1362 1916 1405 1949 E.

214 1990 275 2024 Pl.
311 1990 407 2025 caule
447 1990 519 2024 basi
554 1991 888 2025 intricate-ramoso
920 1989 1186 2034 procumbente,
1219 1988 1328 2021 ramis
1361 1986 1646 2020 adscendentibus

118 2048 407 2095 subsimplicibus,
426 2049 534 2094 foliis
558 2050 658 2084 dense
685 2049 878 2083 imbricatis
899 2047 1330 2094 patenti·dii-ementibus
1364 2045 1497 2091 oblique
1528 2051 1644 2078 ovalo-

119 2107 271 2153 oblonyis
294 2109 593 2155 subiuteycrrimis
619 2109 692 2144 basi
715 2109 834 2143 subtus
866 2109 904 2142 in
938 2108 1080 2142 cristam
1117 2108 1247 2141 nudam
1271 2105 1529 2140 conniventibus
1553 2116 1646 2137 mar-

116 2168 199 2211 yiiie
225 2168 354 2203 dorsali
378 2169 436 2203 via:
462 2169 605 2213 refleaeis
629 2169 726 2215 apice
750 2175 849 2203 acute
875 2168 1148 2208 bi-t›·identatis‚
1171 2166 1305 2212 fructu
1330 2164 1481 2206 laterali,
1502 2165 1648 2210 perian—

121 2227 192 2260 thio
218 2229 439 2273 trapezoideo
465 2240 653 2274 compresso
680 2227 983 2268 dentato-citiam,
1018 2227 1175 2272 mai-qim>
1206 2225 1321 2260 antico
1346 2224 1440 2259 alato
1464 2224 1520 2259 ala
1547 2230 1649 2259 acuta

120 2280 358 2331 inteyerrima.

314 2357 361 2393 N.
389 2357 432 2391 ab
458 2357 507 2391 E.
535 2358 572 2391 in
598 2357 722 2392 Sched.
741 2357 913 2392 Liuclenb.
928 2357 1030 2404 Spec,
1045 2357 1140 2403 Hep.
1160 2356 1212 2390 ΙΙ.
1232 2355 1307 2390 111.
1328 2359 1486 2401 p.44.71.
1502 2358 1561 2389 24.
1578 2357 1646 2388 t.S.

218 2428 380 2463 Habitat
416 2429 454 2463 in
489 2429 620 2463 Insula
655 2430 712 2464 St.
747 2428 918 2463 Mauritii
956 2428 1108 2472 (Sieber
1141 2427 1179 2461 in
1207 2426 1283 2461 Hb.
1311 2426 1416 2471 Lg.);
1461 2425 1499 2458 in
1538 2422 1647 2457 India

121 2486 290 2521 orientali
329 2488 425 2532 (Hb.
452 2487 563 2522 Vahl.
591 2492 628 2522 et
655 2488 909 2532 Colsmann.);
951 2488 988 2521 in
1016 2488 1094 2521 Ins.
1118 2485 1278 2521 Manilla
1306 2482 1584 2529 (Gaudichaud.
1611 2481 1647 2514 in

124 2544 200 2579 Hb.
227 2545 281 2579 M.
316 2556 352 2580 n.
378 2547 490 2590 322).
551 2546 614 2581 Pl.
653 2549 808 2593 repanda
843 2546 1087 2590 distinguitur
1121 2545 1218 2580 foliis
1252 2543 1533 2588 angustioribus
1566 2539 1645 2574 basi

122 2597 298 2647 repandis
326 2605 434 2649 apice
459 2605 709 2650 integerrimis
736 2605 947 2651 perianthio
973 2605 1070 2639 haud
1100 2605 1199 2638 alato
1226 2607 1337 2638 ovato
1364 2602 1543 2646 repando,
1570 2604 1648 2640 cet;

123 2663 230 2707 Play.
257 2664 352 2698 calca
385 2665 534 2709 longius
562 2665 690 2705 distat,
718 2665 996 2705 ramificatione‚
1024 2663 1205 2697 involucri
1233 2667 1269 2697 et
1295 2661 1493 2706 perianthii
1521 2660 1649 2700 fornia,

123 2722 219 2757 foliis
247 2724 354 2767 longe
380 2724 664 2760 decurrentibus
690 2725 836 2760 obtusis
862 2723 1101 2760 denticulatis
1129 2723 1297 2766 margine
1323 2720 1483 2756 reflexis.

425 2822 486 2854 50.
537 2820 878 2865 Playiocln'la
909 2818 1155 2862 repanda
1188 2816 1346 2858 Lindbg.

223 2888 283 2923 Pl.
310 2888 406 2922 caule
430 2895 570 2934 repente
594 2891 702 2924 diviso
717 2916 726 2932 ‚
760 2890 869 2924 ramis
893 2888 1016 2923 erectis
1051 2881 1140 2922 laniis
1163 2885 1376 2932 simplicibus
1406 2883 1502 2928 apice
1534 2880 1649 2915 dicho-

126 2946 439 2992 tomo-proliferis,
462 2948 567 2992 foliis
593 2955 689 2983 arcte
715 2948 909 2983 imbricatis
931 2947 1035 2994 plano
1061 2946 1217 2982 distichis
1236 2940 1652 2990 pateuti-diveryentibus
