1824 3252
201 200 274 234 ¹754
874 193 1070 238 Lejeunia.

200 325 239 359 p.
264 315 351 348 334.
476 312 524 344 50
544 320 577 342 c.
628 306 893 353 Dejeunia
919 306 1287 353 lioeoyuaefolia
1311 308 1461 352 Taylor.

297 374 342 408 L.
368 371 464 407 caule
486 367 632 415 impleaeo
657 373 795 413 repente
817 379 903 412 voye
928 379 1076 408 ramoso,
1093 366 1202 413 foliis
1228 374 1323 402 arcte
1348 367 1563 410 imbricatis,
1587 371 1741 416 patenti-

199 433 352 468 recurvis
376 430 529 474 oblonqis
550 428 646 473 apice
671 426 809 473 deflexis
833 428 990 461 concavis
1008 427 1244 472 inteyerrimis
1270 427 1344 461 basi
1358 428 1744 476 siunato-complicati&

201 494 324 528 Iobuh's
356 488 578 525 subrotunclis
611 486 775 521 involutis
808 485 1117 527 subrlenhculads,
1150 487 1418 534 ampltiyastriis
1443 489 1642 522 rotundatis
1665 489 1744 522 sub—

198 551 428 596 emaryinatis
451 548 709 594 integerrimis,
737 547 940 593 periantltio
972 546 1119 581 astillat-i
1145 548 1304 582 immerso
1332 547 1473 582 obovato
1496 547 1746 594 subcompresso

199 613 297 646 dorso
323 609 528 656 unipliwto,
555 607 677 642 carina
704 606 899 653 triplicata.

395 670 560 708 Lejeuuia
590 669 810 710 tinguaefolia
849 667 982 714 Taylor
1009 668 1098 702 Noe.
1128 668 1222 714 Hep.
1250 669 1287 702 in
1321 668 1434 703 Loml.
1460 667 1590 701 Journ.
1614 667 1659 712 qf
1677 666 1743 702 bol.

483 730 587 763 1846.
613 739 649 773 p.
675 730 759 762 390.
786 740 821 760 n.
848 730 882 761 4.

298 788 460 823 Habitat
486 788 524 822 in
553 787 683 822 Insula
715 787 771 821 St.
798 787 964 820 Thomae
991 785 1177 830 (Richard
1205 786 1242 821 in
1274 787 1348 822 Hb.
1378 787 1454 823 Hk.
1484 798 1518 822 a.
1550 790 1672 832 1814).

297 848 509 893 Caespites‚
538 848 568 882 si
597 847 633 880 in
654 851 753 881 statu
777 845 877 881 sicco
897 852 997 888 sunt,
1024 850 1191 881 saturate
1218 846 1326 888 susci,
1354 847 1383 880 si
1412 846 1615 881 humectati
1644 851 1743 887 sunt,

201 906 654 944 suscescenti-olivacei.
715 906 855 945 Caules
894 906 971 940 fere
1007 906 1217 950 pollicares.
1282 906 1391 940 Folia
1429 906 1580 950 tenuia,
1628 907 1742 942 lobuli

199 970 381 1012 involuti,
409 967 787 1008 ovato-lanceolam,
826 966 893 1000 sed
918 966 948 1001 si
977 966 1074 1001 inter
1100 967 1262 1001 laminas
1289 967 1427 1001 vitreas
1462 967 1743 1010 expanduntur,

199 1028 623 1075 quadrato-rotundati
664 1032 701 1061 et
744 1028 927 1062 crenulati
974 1027 1152 1061 evadunt.
1226 1026 1454 1061 luz-oluerunt
1490 1026 1743 1071 perianthium

199 1089 277 1123 fere
312 1089 519 1132 obtegens,
559 1087 657 1122 soliis
693 1087 989 1122 involucralibus
1024 1087 1179 1129 bilobis,
1220 1087 1304 1121 sinu
1342 1097 1458 1130 parvo
1495 1086 1600 1121 {obos
1635 1085 1743 1120 binos

199 1149 404 1190 dividente,
432 1159 590 1193 quorum
618 1147 738 1182 minor
761 1151 907 1189 acutus,
935 1147 1054 1183 maior
1076 1148 1301 1182 rotundatus
1329 1152 1407 1189 est;
1435 1145 1743 1191 amphigastrium

199 1209 430 1244 involucraie
459 1207 874 1251 emarginato-bifidum
903 1212 972 1242 est.
1014 1207 1205 1252 Periyonia
1232 1209 1268 1242 in
1293 1207 1416 1242 medio
1443 1219 1546 1242 ramo
1573 1206 1743 1247 linearia,

200 1270 380 1303 antherae
424 1268 611 1309 minutae,
664 1267 947 1301 rubro-fuscae.
1014 1267 1275 1302 Perianthiuni
1323 1268 1442 1312 inagis
1490 1276 1742 1311 compressum

199 1340 311 1374 quam
338 1328 375 1362 in
405 1329 484 1374 Lej.
513 1328 753 1372 Dominyensi.
807 1328 897 1371 (Ta)
910 1328 964 1362 lor
993 1328 1015 1363 Ι.
1043 1331 1095 1373 o.)

199 1422 235 1455 p.
262 1414 347 1446 336.
448 1414 493 1444 57
514 1410 550 1444 b.
603 1409 867 1455 Lestnmm
894 1410 1060 1445 ovans
1087 1409 1207 1453 Ldbg.
1235 1415 1272 1443 et
1300 1409 1494 1444 Gottsche.

296 1470 340 1504 L.
370 1468 467 1503 caule
479 1470 660 1517 fil1'f02‘2'22'
683 1469 831 1515 pendulo
859 1469 952 1504 brevi
976 1482 1123 1512 ramoso,
1139 1469 1246 1515 foliis
1273 1470 1466 1503 imbricatis
1492 1468 1623 1514 oblique
1634 1468 1743 1501 ovatis

198 1531 436 1576 ἰηίεμεννῐηιίε
462 1529 536 1565 basi
561 1530 776 1576 complicatis
804 1529 914 1564 lobulo
939 1529 1079 1575 oblonyo
1106 1537 1278 1571 truncato,
1313 1529 1577 1576 amphiyastriis
1608 1528 1744 1572 maynis

198 1592 372 1636 contifflais
397 1589 554 1624 oralibus
578 1591 722 1635 intem-is
758 1597 789 1624 et
818 1591 1053 1635 inteyerrimis
1085 1603 1105 1624 ιι
1132 1591 1240 1624 medio
1272 1591 1319 1623 ad
1342 1588 1439 1623 basin
1464 1587 1559 1623 cauli
1582 1587 1744 1632 utrinque

198 1653 357 1692 actuaris,
390 1650 603 1698 pcrz'anlleiis
622 1651 747 1697 parvis
770 1651 977 1697 pentayonis
1003 1650 1098 1695 lougse
1124 1651 1308 1691 rostratis,
1332 1648 1440 1695 soliis
1471 1647 1741 1682 ivwolucralibns

199 1711 393 1745 minorihus
437 1709 692 1756 conformibus,
744 1711 996 1757 ampleiyastrio
1045 1709 1254 1744 involucralc'
1303 1709 1586 1743 ovato—rotundo
1637 1706 1744 1742 bilobo

201 1771 285 1806 lehis
309 1772 429 1806 oratis.

398 1830 562 1865 Gottscloe
589 1830 686 1864 leon.
714 1830 857 1876 quezm.
886 1829 977 1864 VII.

299 1891 462 1925 Habitat
487 1891 525 1925 in
556 1891 761 1925 Provincia
791 1889 939 1924 Merida
969 1889 1215 1927 Columbiae,
1252 1887 1316 1922 ubi
1353 1899 1373 1922 a
1410 1887 1454 1921 cl.
1483 1886 1621 1922 Moritz
1647 1886 1745 1920 lecta

202 1956 270 1985 est.
324 1951 420 1993 (Hb.
452 1951 547 1994 Reg.
578 1951 701 1984 Berol.
732 1962 765 1983 n.
801 1951 896 1994 158.)

299 2011 430 2046 Cauiis
457 2010 713 2054 3-p011icaris
740 2015 777 2042 et
803 2010 912 2049 uina,
941 2008 1122 2043 fiiiformis
1157 2013 1193 2042 et
1227 2017 1274 2042 ex
1304 2008 1478 2042 arborum
1506 2006 1621 2040 ramis
1648 2017 1741 2050 pen-

201 2071 326 2112 dulus,
353 2071 568 2110 flexuosus,
606 2079 777 2103 ramosus
812 2068 877 2102 sed
912 2068 1024 2101 ramis
1051 2067 1239 2111 plerisque
1269 2067 1445 2101 brevibus
1473 2061 1742 2109 subopp'ositis.

203 2129 308 2163 Folia
336 2129 550 2170 imbricata,
583 2128 733 2173 oblique
761 2133 886 2168 ovata,
915 2127 1242 2170 subintegerrima‚
1271 2126 1377 2171 apice
1397 2130 1433 2160 et
1455 2125 1620 2169 margine
1648 2136 1740 2159 ven-

202 2189 285 2223 trali
313 2199 427 2234 saepe
452 2188 614 2230 inflexa,
651 2187 732 2222 basi
767 2188 804 2222 in
839 2188 1006 2222 iobulum
1043 2187 1150 2231 apice
1185 2190 1400 2221 truncatum
1428 2185 1605 2220 maiorem
1634 2196 1738 2219 com-

202 2250 364 2293 piicata3
400 2248 672 2293 amphigastria
700 2248 788 2282 folia
815 2248 892 2283 fere
920 2248 1142 2293 aequantia,
1178 2247 1304 2281 ovaiia
1336 2246 1394 2280 vel
1423 2244 1738 2288 elliptico-ovata,

202 2310 317 2353 gibbo
345 2309 608 2353 longitudiuali
638 2319 830 2353 percursa,
860 2319 880 2342 a
904 2308 1029 2343 medio
1056 2307 1155 2341 cauti
1183 2307 1321 2341 adnata
1343 2305 1506 2350 indeque
1534 2305 1570 2339 in
1598 2305 1744 2339 caulem

202 2370 380 2415 utrinque
416 2369 710 2407 descendentia,
757 2368 936 2403 radiculis
970 2368 1083 2402 nullis
1116 2367 1303 2412 praedita.
1364 2365 1580 2399 Perianthia,
1613 2375 1743 2410 parva,

203 2431 379 2471 obovata‚
416 2428 783 2475 quinquangutaria‚
817 2429 928 2472 longe
963 2431 1148 2469 rostrata,
1183 2427 1295 2461 dorso
1322 2424 1577 2468 unicarinato,
1615 2431 1745 2461 ventre

205 2491 433 2531 bicarinat03
460 2495 547 2534 post
569 2489 713 2524 fructus
727 2499 920 2534 egressum
935 2489 1129 2523 turbinata
1155 2490 1244 2522 sunt
1269 2489 1421 2531 propter
1447 2485 1743 2528 magnitudinem

203 2558 240 2587 et
274 2551 429 2586 sormam
466 2550 706 2595 pyriformem
734 2549 951 2594 calyptrae,
996 2558 1094 2594 quae
1133 2558 1175 2582 os
1222 2544 1422 2591 perianthii
1464 2544 1539 2579 fere
1577 2550 1742 2590 superat.

203 2611 310 2646 Folia
337 2610 570 2645 incolum-alia
595 2610 764 2653 minora,
799 2608 962 2644 mediam
999 2606 1199 2654 perianthii
1236 2605 1471 2641 altitudinem
1507 2604 1743 2649 attingenda,

204 2671 434 2712 conformia,
482 2670 609 2705 lobuio
648 2681 766 2715 parvo
795 2668 1112 2713 subcomplicato;
1163 2664 1474 2712 amphigastrium
1511 2664 1744 2699 involucrale

203 2730 555 2765 ovato-rotundum
583 2730 763 2771 bilobum,
790 2730 885 2765 tobis
912 2726 1248 2764 ovato-rotundis.
1299 2723 1620 2769 Amphigastrium
1647 2734 1745 2758 cau-

205 2790 322 2824 tinum
349 2789 382 2824 ei
410 2791 623 2834 proximum
652 2801 674 2824 a
701 2790 853 2836 reliquis
878 2800 953 2825 non
989 2789 1107 2823 forma
1142 2786 1208 2822 sed
1245 2785 1319 2821 situ
1355 2788 1500 2819 tantum
1535 2783 1743 2830 obliquiore

205 2849 413 2884 secundum
440 2860 580 2885 morem
607 2850 743 2885 differt.

303 2910 458 2945 Statura
479 2910 690 2954 graciliore,
717 2908 918 2955 perianthii
938 2906 1070 2950 forma,
1098 2905 1360 2951 amphigastrii
1380 2903 1622 2941 involucralis
1641 2902 1739 2938 inci-

206 2978 295 3003 sura
321 2973 360 3004 et
385 2969 621 3006 caulinorum
649 2968 995 3014 circumscriptione
1014 2967 1112 3003 ovali
1135 2967 1183 3002 ab
1201 2966 1376 3003 omnibus
1395 2965 1567 3001 affinibus
1586 2963 1739 3000 recedit.
