1824 3252
127 165 199 198 342
777 158 972 203 Lejeunia.

127 275 200 310 basi
225 277 325 310 tereti
357 275 405 309 ad
428 275 557 320 apicem
584 274 682 307 dorso
708 272 1084 306 bicristato-carinato
1114 273 1272 318 maryine
1304 274 1500 319 carinisque
1522 272 1654 308 duabus

130 335 345 370 veum-atibus
370 334 452 367 latis
477 332 672 379 compressis
697 332 1022 365 serrato—dentato.

318 394 482 434 Lejeunia
510 393 716 423 denticulata
744 390 884 435 Hampe
912 390 1022 424 Herb.
1050 402 1091 423 esi·
1108 397 1222 436 parte.

225 451 384 485 Habitat
410 450 448 484 in
475 450 651 484 Surinam
678 449 792 491 (inter
819 460 967 483 muscos
997 449 1270 493 VVeigeltianos
1298 450 1374 484 Hb.
1406 451 1510 494 Hp.).

225 510 402 545 Proxima
420 510 497 556 Lej.
525 516 685 543 crenatae
712 508 838 552 (cuius
857 510 1037 553 exempla
1054 520 1128 543 non
1148 511 1372 554 suppetunt)
1401 510 1473 544 nisi
1503 511 1652 545 eadem.

473 608 532 639 73.
584 605 844 650 Lejeuniw
869 606 1164 639 Rcavclsliana
1191 605 1310 648 Ldbg.

224 666 268 700 L.
304 665 400 698 caule
425 672 564 710 repente
597 676 743 705 ramoso,
769 664 875 710 foliis
909 664 985 698 laxe
1009 664 1204 698 imbricatis
1235 665 1429 698 semiovatis
1453 666 1658 698 acuminatis

126 727 276 760 acutisre
296 725 452 770 flaccidis
475 723 674 770 subirfiexis
698 726 855 768 mar-aine
880 724 1107 770 subrepandis
1133 725 1369 770 inte-(seminas
1402 724 1473 758 basi
1497 724 1653 757 sinuato-

126 785 335 831 complicatis
377 783 488 818 [obulo
522 784 646 830 inflato
693 790 910 825 transeunte,
960 784 1223 830 anzphiyastriss
1271 783 1478 818 distantibus
1516 784 1659 817 minutis

121 844 322 892 patentibus
346 845 637 879 rotundo-ovatus
675 844 790 889 bifidis
818 843 954 878 laciniis
979 844 1240 885 obtusiusculis,
1264 844 1395 889 fimeta
1420 843 1457 876 in
1482 854 1659 876 ramorum

128 904 199 938 basi
232 903 357 942 sessili,
380 903 488 948 foliis
520 904 798 938 involueralibns
826 903 1077 949 conformibus,
1108 904 1306 950 periantleio
1340 902 1480 937 obovato
1505 903 1659 948 elonyato

126 976 270 1010 superne
298 963 448 997 breviter
466 970 675 1009 penta-awo,
702 965 799 1009 apice
826 964 1010 997 rotundato
1036 963 1167 996 nzinute
1192 962 1411 997 denticulato.

227 1021 386 1056 Habitat
412 1023 448 1056 in
478 1023 660 1064 BrasiHa,
698 1023 798 1056 unde
825 1023 951 1057 retulit
979 1023 1104 1056 Raddi
1131 1028 1167 1057 et
1190 1023 1259 1056 sub
1287 1022 1436 1056 nomine
1462 1022 1500 1056 J.
1527 1021 1659 1067 setpyl-

128 1081 260 1128 lifoliae
287 1093 364 1116 var.
393 1083 440 1116 ad
467 1083 511 1116 cl.
540 1083 757 1116 Hookerum
789 1081 906 1123 misit,
934 1093 955 1115 a
982 1093 1055 1126 quo
1082 1082 1356 1116 communicata
1384 1081 1490 1115 adest
1516 1081 1552 1114 in
1584 1081 1658 1114 Hb.

128 1143 171 1176 L.
199 1147 235 1176 et
261 1142 328 1185 Lg.
381 1142 424 1175 In
455 1142 530 1176 Hb.
562 1142 608 1175 N.
638 1143 684 1175 ab
714 1143 755 1175 E.
783 1145 996 1175 asservatur
1024 1152 1051 1175 s.
1079 1152 1114 1175 n.
1141 1141 1178 1174 J.
1204 1140 1500 1187 serpyllifolioicles
1522 1139 1659 1180 Raddi,

130 1202 236 1235 cuius
280 1201 419 1245 speciei
460 1201 660 1245 descriptio
694 1213 782 1236 vero
815 1205 852 1235 et
878 1201 960 1235 icon
990 1201 1118 1244 (Mem.
1146 1200 1183 1233 di
1211 1201 1378 1234 Modena
1404 1200 1522 1234 XIX.
1550 1211 1586 1244 p.
1614 1203 1661 1234 40

129 1273 164 1295 n.
192 1264 250 1295 43.
279 1265 315 1294 et
343 1261 474 1305 Suppl.
502 1272 537 1304 p.
564 1265 599 1295 3.
626 1261 720 1294 Tab.
747 1263 781 1294 2.
811 1260 833 1294 f.
861 1262 912 1304 6.)
940 1260 1090 1294 minime
1116 1260 1357 1294 conveniunt.

226 1322 257 1354 A
287 1322 329 1354 L.
355 1320 569 1354 denticulata
597 1325 632 1354 et
661 1321 830 1354 affinibus
867 1321 990 1353 differt
1025 1320 1121 1354 foliis
1156 1320 1404 1363 integerrimis
1438 1317 1660 1354 acuminatis

128 1379 339 1421 undulatis,
375 1380 654 1423 amphigastriis
687 1380 842 1413 minutis
882 1380 1027 1413 laciniis
1063 1379 1207 1414 obtusis
1240 1379 1452 1423 perianthio
1487 1380 1660 1423 elongato

130 1440 175 1473 ad
205 1441 349 1484 apicem
376 1445 591 1484 pentagono
617 1440 783 1474 obsolete
811 1439 1056 1474 denticulato.

402 1525 459 1556 74.
512 1523 772 1568 Lejeumv‘a
798 1523 1173 1557 luunbrz‘coides
1201 1522 1248 1557 N.
1276 1523 1324 1556 ab
1353 1523 1393 1558 Ε.

226 1583 269 1616 L.
290 1581 386 1616 caule
404 1589 596 1628 prostraw,
611 1583 718 1628 foliis
731 1582 1041 1616 semiverticalibus
1065 1583 1162 1616 dense
1181 1582 1373 1616 imbricatis
1391 1583 1484 1616 cauli
1504 1585 1654 1617 circum-

129 1641 252 1675 volutis
273 1641 474 1675 orbiculatis
495 1641 622 1676 obtusis
647 1644 881 1687 inteyerrimis
909 1643 982 1677 basi
1003 1644 1082 1676 sinu
1103 1644 1220 1676 excisis
1239 1643 1527 1689 complicatisque,
1549 1642 1659 1677 lobulo

124 1713 234 1746 parvo
266 1707 425 1734 truncato
460 1701 649 1735 introrsum
685 1704 892 1744 rotundam,
933 1702 1196 1748 amplziyastriis
1222 1702 1329 1748 paulo
1361 1703 1550 1736 minoribus
1581 1702 1661 1737 sub—

129 1761 298 1805 contiquis
323 1761 597 1794 cordato-onmis
621 1763 668 1795 ad
692 1763 841 1797 medium
868 1775 970 1809 usque
995 1763 1111 1807 bifidis
1137 1763 1292 1797 dentibus
1316 1762 1554 1797 obtusiusculz's
1582 1762 1662 1795 sinu

129 1827 285 1863 anqusto‚
301 1820 431 1865 fructu
457 1820 493 1853 in
521 1821 667 1855 ramulis
692 1822 893 1857 lateralibus
917 1824 1074 1857 seriatim
1099 1824 1285 1869 dispositis,
1313 1823 1514 1869 periantln'o
1540 1822 1660 1861 sessili,

129 1880 168 1911 in
192 1881 368 1924 superiore
396 1886 502 1924 parte
534 1886 730 1924 tet7·ayono‚
765 1882 901 1926 anyulis
933 1882 1140 1921 crenulatis,
1171 1890 1288 1916 ventre
1319 1881 1531 1923 bicarinaco,
1565 1882 1663 1914 dorso

130 1937 385 1971 concaviusculo
398 1938 536 1982 anyulis
553 1938 758 1974 lateralibus
771 1940 1064 1975 adscendentibus.
1100 1940 1263 1974 Gottsche
1279 1940 1376 1975 Icon.
1392 1940 1534 1985 Lejjeun.
1548 1939 1615 1973 IV.
1627 1943 1661 1974 9.

324 1999 594 2040 Jungermannia
630 2000 883 2032 lumbricoides
919 2000 966 2033 N.
1000 1999 1042 2033 ab
1067 2000 1114 2033 Ε.
1149 2000 1280 2034 Enum.
1308 1999 1360 2046 pl.
1396 2006 1506 2045 crypt.
1539 1998 1660 2042 Javae.

410 2056 515 2090 Fasc.
543 2057 573 2090 I.
594 2070 632 2103 p.
660 2062 718 2092 40.
746 2070 780 2092 n.
807 2062 866 2093 52.

228 2113 389 2148 Habitat
415 2114 450 2148 in
478 2119 579 2150 terra
605 2118 700 2151 inter
726 2128 877 2153 muscos
903 2119 1036 2161 Javae,
1065 2129 1148 2152 rara
1176 2119 1328 2161 (Blume
1355 2117 1392 2152 in
1422 2118 1497 2152 Hb.
1527 2118 1604 2161 N.).

229 2172 408 2207 Proxime
435 2175 582 2209 accedit
610 2176 656 2210 ad
686 2177 983 2223 Omphalantlaeum
1007 2178 1149 2212 debilem
1175 2177 1326 2218 habitu,
1361 2177 1426 2211 sed
1462 2176 1662 2221 perianthii

132 2231 249 2266 forma
291 2233 400 2277 longe
440 2234 557 2269 distat
591 2241 628 2270 et
661 2237 784 2271 locum
820 2237 891 2272 sibi
926 2237 1093 2272 vindicat
1126 2238 1163 2271 in
1200 2238 1268 2270 hac
1300 2237 1487 2278 sectione,
1522 2235 1609 2269 licet
1640 2246 1662 2269 a

131 2291 283 2336 reliquis
311 2293 481 2328 eiusdem
507 2296 705 2338 speciebus
732 2297 831 2330 omni
858 2297 986 2331 habitu
1014 2297 1105 2331 satis
1132 2296 1290 2330 differat.

228 2351 406 2386 Flaccida
449 2357 506 2387 est
542 2357 579 2387 et
619 2354 875 2401 Onzplmlantlao
903 2356 1081 2401 flliformi
1120 2355 1286 2390 maximo
1329 2354 1478 2389 cuidam
1516 2353 1661 2396 similis,

132 2408 255 2443 colore
289 2410 440 2446 sordide
475 2412 720 2448 suscescente.
774 2415 925 2450 Ramuli
960 2415 1190 2455 brevissimi,
1224 2415 1367 2457 dissiti,
1404 2411 1661 2457 subpinnatim

131 2469 257 2512 positi.
312 2471 588 2515 Amphigastria
616 2473 711 2507 soliis
736 2475 850 2518 paulo
878 2475 1033 2517 minora,
1061 2476 1108 2509 ad
1134 2474 1298 2509 medium
1325 2483 1443 2518 usque
1470 2473 1593 2506 bifida.

430 2555 489 2587 75.
539 2554 798 2599 Lejeunia
827 2555 1122 2592 vinc-honae
1160 2555 1207 2589 N.
1238 2555 1285 2588 ab
1312 2554 1356 2588 E.

228 2609 271 2642 L.
298 2610 396 2644 caule
420 2620 514 2647 arcte
539 2621 686 2659 repente,
711 2616 859 2661 sparsim
884 2629 1029 2658 ramoso,
1055 2616 1162 2662 foliis
1185 2614 1319 2660 oblique
1342 2615 1452 2648 ovatis
1476 2615 1586 2648 acutis
1610 2614 1664 2648 vel

130 2666 383 2714 subcuspidatis
403 2672 638 2717 inteyerrimis
652 2673 939 2709 ‘subverticaliler
957 2674 1158 2721 patentibus
1174 2675 1342 2715 decurvis,
1364 2673 1486 2711 subtus
1502 2675 1551 2708 ad
1565 2673 1663 2708 basin

132 2727 537 2777 camellam-complicatis
558 2732 651 2777 plica
677 2733 801 2778 inflata
825 2734 998 2778 subovata,
1030 2734 1290 2780 amplziyastriis
1314 2731 1523 2768 distantibus
1542 2733 1662 2778 parvis

131 2786 355 2823 subrotundis
381 2791 508 2824 retusis
534 2790 618 2824 lobis
650 2791 834 2834 offlasatis,
866 2793 999 2838 fluctu
1032 2795 1068 2827 in
1099 2793 1236 2828 ramulo
1262 2793 1459 2835 terminali,
1492 2792 1662 2826 involucri

122 2845 229 2890 foliis
253 2849 566 2895 amplriyastrioque
587 2851 730 2896 reliquis
750 2852 952 2893 maioribus,
977 2853 1172 2898 periantlzio
1189 2865 1300 2899 parvo
1326 2853 1504 2887 turbinato
1529 2853 1662 2898 inferne

133 2902 226 2939 brevi
238 2906 329 2941 circa
349 2919 383 2941 os
398 2907 565 2956 (acute-)
585 2910 854 2956 quinquanyulo,
869 2911 1163 2947 ciliaco-cristato.
1193 2912 1354 2947 Gottsclie
1366 2912 1419 2948 Ic.
1432 2912 1507 2957 Leq’.
1522 2911 1659 2946 IV.22.
