1824 3252
135 210 208 243 650
780 207 1025 251 Plagiocbila.

236 321 380 355 Habitu
418 320 564 354 accedit
595 320 642 353 ad
671 319 778 365 Play.
805 322 1027 367 coniuyatam
1055 321 1244 363 Hookeri,
1278 322 1345 358 sed
1380 323 1518 358 surculi
1555 323 1671 358 multo

138 381 258 424 magis
296 380 483 423 elongati,
521 378 611 414 solia
647 379 886 423 integerrima
922 386 959 416 et
991 381 1076 416 basi
1110 393 1185 416 non
1213 387 1396 424 connata,
1429 383 1556 428 qualia
1582 382 1670 418 solia

138 442 207 476 sibi
234 441 408 484 opposita
435 440 471 474 in
500 439 606 484 Plaq.
632 440 818 485 eoniuyata
845 441 1030 476 videntur.

138 538 173 570 p.
201 528 261 559 52.
392 527 438 558 72
453 535 484 558 c.
521 527 533 558 ἲ
567 525 911 570 Ρῑαῃὶοοῆἱῑα
938 526 1245 569 dependula
1269 525 1419 570 Taylor.

235 584 297 618 Pl.
324 583 475 618 surculis
502 583 669 629 elonyutis
694 584 771 618 laxe
803 587 997 631 caespitosis
1029 584 1242 632 simplicibus
1268 587 1441 627 decurvis,
1462 585 1569 631 foliis
1602 586 1675 621 laxe

138 644 330 679 imbricatis
353 644 580 691 subopposite's
604 646 724 678 erectis
750 646 919 691 mlpressis
943 645 1106 691 ellipticis
1130 646 1362 691 i71teye7v·imis
1389 647 1520 692 postice
1553 648 1674 681 decur-

137 705 293 739 rentibus
317 705 536 750 maryinibus
560 705 780 751 sulqfleaeuosis
804 705 1032 741 subincurvis.

334 766 542 809 Plagioehila
578 767 776 809 dependula
807 765 910 812 Tuyl.
944 766 1033 800 Νου.
1063 767 1157 812 Hep.
1185 767 1220 800 in
1250 767 1363 801 Lond.
1389 768 1517 802 ιῙοηνη.
1544 768 1588 814 of
1608 767 1674 803 bot.

422 828 526 861 1546.
546 838 585 872 p.
611 829 694 860 265.
721 840 756 860 η.
787 830 842 861 16.

239 887 398 920 Habitat
425 886 461 919 in
492 886 606 919 latere
633 886 806 920 orienti-lli
837 887 1065 921 Cordilleras
1092 886 1232 931 alpium
1260 887 1296 921 in
1326 887 1490 922 Peruvia
1527 888 1674 929 (Jaine-

140 958 207 982 son
237 948 274 981 in
306 947 379 980 Hb.
410 946 518 990 Hk.).
811 947 818 951 ’

238 1007 387 1041 Surculi
416 1005 715 1044 fusco-olivacei,
744 1006 870 1050 apices
893 1006 1035 1039 recurvi
1058 1007 1114 1039 vel
1137 1007 1353 1050 dependuli,
1381 1007 1455 1040 fere
1476 1007 1675 1052 simplices,

142 1068 248 1102 Folia
274 1069 311 1102 in
339 1067 488 1101 duabus
517 1066 688 1100 seriebus
715 1066 914 1110 oppositis,
941 1066 978 1099 in
1006 1066 1136 1100 eadem
1165 1067 1320 1110 planitie
1347 1078 1574 1111 compressa,
1602 1068 1678 1103 fere

141 1128 286 1162 caulem
313 1127 562 1166 occultantia,
600 1127 734 1160 latiora
768 1137 880 1170 quam
917 1127 1045 1170 longa.
1082 1127 1189 1171 apice
1225 1127 1467 1161 obtusissima
1501 1128 1679 1172 angulata

141 1187 204 1222 sed
245 1188 496 1230 integerrima.
565 1187 821 1233 Infloreseentia
862 1186 1055 1220 masculina
1097 1187 1201 1231 spica
1242 1187 1405 1230 oblonga
1444 1193 1604 1231 angusta
1641 1189 1679 1223 in

143 1249 265 1283 medio
292 1249 453 1283 surculo.

240 1308 401 1352 Propter
438 1318 612 1351 magnam
647 1307 929 1342 similitudinem
966 1307 1072 1352 I’lay.
1112 1313 1258 1341 ‹msatae
1292 1307 1387 1342 haec
1422 1309 1548 1353 planta
1586 1309 1681 1343 inter

146 1369 400 1413 Plagiocbilas
444 1368 557 1403 refert
590 1368 656 1402 cel.
689 1368 837 1412 Taylor.
892 1367 1028 1401 Differt
1063 1380 1084 1401 a
1111 1367 1174 1402 Pl.
1202 1375 1326 1402 ansata
1362 1373 1505 1403 statura
1542 1368 1681 1403 maiore

144 1440 229 1462 cum
256 1433 277 1463 7
298 1451 313 1456 -
334 1433 355 1463 8
382 1429 469 1473 poll.
498 1429 626 1462 caules
654 1427 754 1470 longi
781 1428 876 1468 sint,
904 1428 1003 1463 foliis
1033 1427 1230 1462 latioribus
1257 1434 1380 1463 tamen
1410 1432 1514 1470 parte
1542 1427 1678 1462 ‹lecur-

146 1494 250 1523 rente
281 1489 574 1532 angustioribus.
627 1488 781 1532 (Taylor
809 1489 830 1522 l.
859 1489 910 1533 c.)

145 1586 180 1618 p.
207 1578 265 1608 52.
365 1577 423 1607 73.
466 1572 812 1619 Plagiocln'la
837 1572 1236 1616 retrospectans
1265 1571 1312 1604 N.
1342 1571 1388 1604 ab
1409 1572 1451 1605 E.

146 1634 253 1668 Adde
280 1632 471 1677 diagnosi:
501 1659 508 1666 .
534 1660 540 1666 .
571 1659 578 1667 .
602 1633 733 1678 fructu
759 1631 938 1666 terminali
959 1638 1103 1678 propter
1127 1632 1363 1665 innovationes
1390 1631 1549 1672 laterali,
1582 1632 1679 1677 peri-

339 1693 458 1726 antltio
482 1699 614 1726 esserto
639 1692 780 1737 oblonyo
805 1705 863 1725 ore
890 1699 1049 1725 truncato
1075 1691 1223 1725 breviter·
1250 1691 1384 1725 cilinio.

148 1754 289 1797 Synon.
325 1752 442 1787 adde:
497 1754 702 1796 Plagioclnila
744 1762 995 1796 reu-ospectans
1048 1752 1164 1786 Mam.
1206 1752 1341 1798 Voyaye
1378 1763 1426 1785 au
1464 1750 1553 1784 Pale
1594 1750 1682 1784 Snd.

340 1813 370 1846 I.
393 1826 431 1859 p.
459 1815 543 1847 269.

246 1873 405 1907 Habitat
431 1873 468 1906 in
500 1873 581 1906 Van
612 1873 793 1907 Diemens
823 1872 927 1906 Laud
955 1883 1071 1917 prope
1100 1872 1374 1907 HobartTown
1403 1875 1501 1905 terra
1527 1871 1684 1905 humosa

148 1945 168 1967 a
196 1934 240 1967 cl.
269 1933 464 1967 Hombron
493 1934 600 1967 lecta.

241 1992 398 2026 Fructus
425 1993 461 2026 in
489 1993 600 2026 ramis
629 1993 838 2026 retroflexis
865 1992 1072 2026 terminalis
1091 1991 1147 2026 vel
1169 1991 1410 2025 innovatione
1438 1991 1683 2034 liypogynaea

147 2053 460 2096 superveniente,
498 2053 542 2084 ad
571 2053 733 2096 speciem
763 2051 942 2085 lateralis.
994 2051 1101 2085 Folia
1127 2051 1356 2084 involucralia
1381 2050 1540 2084 caulinis
1567 2051 1683 2084 multo

148 2111 311 2152 maiora,
339 2111 552 2155 periantlrio
579 2122 667 2145 vero
693 2111 859 2152 minora,
887 2111 944 2144 bis
972 2110 1118 2144 tertiam
1147 2116 1290 2154 partem
1319 2110 1440 2143 lineae
1467 2110 1683 2155 aequantia,

148 2172 222 2206 late
256 2172 402 2211 ovalia‚
440 2171 547 2215 apice
584 2171 868 2211 niucronulata,
908 2171 1078 2213 margine
1112 2171 1249 2204 dorsali
1285 2170 1568 2209 ressexiuscula,
1605 2174 1682 2204 toto

149 2232 290 2266 ambitu
336 2233 477 2266 minute
517 2231 748 2266 denticulato
772 2253 787 2258 -
814 2231 953 2265 ciliata.
1007 2230 1260 2264 Periantlaeium
1297 2230 1485 2263 declinato
1508 2250 1523 2255 -
1546 2229 1682 2263 decur-

148 2303 255 2332 vum,
297 2292 521 2335 oblongum,
560 2292 637 2326 sere
673 2292 874 2333 bilineare,
917 2292 1024 2335 apice
1057 2291 1263 2324 lateraliter
1300 2300 1573 2334 compressum,
1620 2300 1684 2323 ore

148 2357 322 2386 truncato
367 2352 529 2386 tenuiter
571 2352 809 2396 breviterque
851 2351 1028 2385 ciliolato.
1088 2349 1236 2384 Pistilla
1277 2350 1453 2384 duodena
1493 2349 1530 2383 in
1569 2350 1684 2384 fundo

147 2412 351 2456 perianthii
378 2418 594 2455 aggregata.
647 2412 760 2446 Color
786 2411 1079 2446 viridi-fuscus.
1131 2410 1308 2445 Maculae
1335 2410 1425 2444 retis
1452 2410 1620 2444 soliorum
1647 2415 1685 2444 et

148 2472 501 2517 amphigastrioruin
530 2472 779 2513 orbiculares‚
808 2473 1006 2515 oblongae,
1027 2471 1279 2515 irregulares,
1306 2471 1511 2506 flexuosae.
1549 2468 1679 2513 (Mon-

147 2538 260 2578 tagne
286 2534 309 2570 l.
336 2535 388 2577 c.)

147 2629 184 2662 P·
211 2626 270 2657 53.
490 2626 538 2657 ’73
557 2623 592 2656 b.
629 2622 971 2668 Playiochila
999 2622 1149 2656 elata
1174 2619 1321 2664 Taylor.

242 2682 304 2717 Pl.
331 2683 429 2717 caule
461 2682 537 2716 lame
569 2685 758 2729 caespitoso
791 2681 946 2727 elonyato
980 2687 1087 2715 erecto
1109 2680 1265 2726 flexuoso
1295 2678 1391 2724 apice
1427 2678 1571 2711 incurvo
1602 2674 1681 2709 sub-

148 2755 303 2783 ramoso,
328 2743 435 2788 foliis
461 2750 556 2777 arete
582 2743 776 2777 imbricatis
801 2740 1127 2788 erecto-patentibus
1151 2739 1305 2774 secundis
1330 2736 1683 2772 dimidiato-cordatis

150 2801 234 2836 latis
258 2802 550 2850 eiham-spinosis
575 2803 734 2848 maryz‘ne
759 2804 937 2848 superiore
962 2813 1107 2835 recurvo
1123 2826 1131 2841 ‚
1160 2797 1362 2845 per-immin
1378 2799 1515 2832 demum
1539 2794 1684 2828 willari

148 2860 289 2907 oblonyo
313 2862 517 2897 sabim-ww
543 2875 730 2909 compresso
757 2867 917 2896 truncato
942 2861 1094 2894 dentato.

342 2923 550 2967 Plagiochila
578 2925 662 2955 elata
693 2920 794 2969 Tuyl.
823 2921 913 2955 Nov.
942 2919 1032 2965 Hep.
1058 2920 1097 2953 in
1124 2918 1237 2953 Lond.
1256 2918 1384 2953 Journ.
1412 2918 1456 2964 of
1481 2917 1546 2951 bot.
1577 2918 1680 2953 1846.

426 2995 460 3029 p.
488 2986 571 3018 259.
597 2995 632 3017 n.
662 2986 694 3017 1.
