1824 3252
179 154 252 187 706
803 147 1090 192 Chiloscyphus.

373 265 644 310 Jungermannia
672 263 899 306 oblongifolia
930 261 1033 309 Tayl.
1061 261 1192 308 Hepat.
1219 262 1310 296 Nov.
1339 261 1548 296 Zeelandiae
1582 267 1647 296 ete.
1680 262 1718 296 in

460 323 575 358 Lond.
599 321 728 356 Jonrn.
755 320 800 367 of
814 320 881 356 bot.
913 324 1015 356 1845.
1037 332 1076 367 p.
1102 324 1186 356 563.
1212 334 1248 356 n.
1280 324 1335 357 16.

276 385 441 421 Habitat
466 383 504 417 in
533 382 645 417 Nova
672 380 879 416 Zeelandia
904 379 1078 424 (Hooker
1097 381 1211 426 jun.).

277 444 475 488 Caespites
501 446 526 477 4
551 441 707 487 pollices
735 441 814 483 lati,
842 439 1265 485 nigrescenti-virides.
1318 440 1441 475 Caules
1467 440 1717 486 biponicares,

178 504 430 551 planiusculi‚
481 513 596 547 saepe
632 501 845 545 simplices,
892 501 1079 537 interdurn
1118 505 1143 537 2
1172 523 1186 528 -
1215 505 1239 537 3
1272 512 1396 536 ramos
1429 500 1467 535 in
1500 502 1717 544 rectangulo

176 569 350 611 patentes
383 563 610 598 emittentes.
662 561 770 596 Folia
803 561 868 596 vix
895 562 1116 605 imbricata,
1154 563 1194 597 in
1229 562 1330 597 sicco
1366 561 1403 596 in
1437 562 1568 596 eodem
1604 561 1717 605 plano

175 627 270 668 sita,
329 625 367 660 in
410 627 513 659 statu
562 622 717 657 humido
774 623 942 657 nonnihil
991 622 1256 663 conniventia,
1322 621 1492 666 margine
1542 620 1717 655 inferiore

174 686 349 731 (dorsali)
390 684 490 719 cauli
527 684 665 728 angulo
706 683 873 717 acutiore
909 694 1024 728 quam
1065 676 1259 727 superiore
1303 681 1495 727 (ventrali)
1540 686 1716 723 connato,

175 760 194 783 e
231 747 308 780 lata
349 745 432 780 basi
477 744 662 787 oblonga,
711 742 956 777 obtusissima
995 743 1053 778 vel
1082 748 1228 784 retusa,
1270 742 1307 776 in
1348 746 1506 787 utroque
1549 741 1716 786 margine

174 812 345 842 extremo
380 806 493 840 dente
529 803 763 849 spinfformi,
809 802 906 837 inter
942 813 1037 848 quos
1071 803 1177 837 sinus
1212 803 1311 837 latus
1345 802 1477 836 leviter
1511 802 1716 836 undulatos

173 866 391 907 intercedit,
428 865 587 899 munita.
641 863 716 898 Per
743 863 950 907 marginem
985 863 1190 898 ventralem
1217 862 1307 897 solia
1333 866 1496 897 connata
1521 866 1608 896 sunt
1632 872 1716 896 cum

173 924 458 975 amplziyastrz‘is‚
498 935 595 969 quae
622 927 644 958 6
675 944 690 950 -
721 926 743 958 8
768 923 945 958 dentibus
980 923 1125 967 maguis
1152 923 1318 957 recurvis
1345 923 1464 957 altero
1489 922 1604 956 latere
1631 922 1713 956 lon-

173 988 256 1032 gius
283 985 605 1021 descendentibus
632 984 812 1028 gaudent.

269 1048 377 1083 Haec
421 1046 567 1091 species
609 1044 800 1091 quandam
844 1043 1059 1078 affinitatem
1096 1044 1211 1077 babet
1246 1054 1331 1077 cum
1367 1043 1460 1078 Chii.
1486 1042 1714 1088 ivate91·ifolio,

172 1109 281 1144 cuius
308 1112 435 1143 tamen
462 1106 592 1142 folium
620 1105 727 1150 apice
756 1104 854 1138 binis
882 1104 1059 1138 dentibus
1086 1104 1308 1139 destitutum
1335 1108 1403 1138 est.

172 1215 208 1248 p.
240 1205 319 1237 181.
568 1204 623 1235 16.
679 1199 1051 1245 Chiloscyphus
1076 1199 1324 1234 coalitus.

172 1276 281 1310 Adde
310 1275 475 1319 Syuon.:
516 1273 660 1307 Hooker
698 1272 862 1319 Cryptoy.
900 1279 1050 1306 amaret.
1080 1285 1119 1318 p.
1147 1275 1206 1306 45.
1242 1284 1277 1305 η.
1304 1274 1362 1306 40.
1425 1269 1558 1317 Taylor
1581 1269 1713 1316 Hepat.

319 1335 438 1369 Novae
466 1333 629 1367 Zeeland.
658 1340 721 1368 ece.
747 1334 785 1366 ‘in
812 1333 924 1367 Lond.
952 1332 1082 1367 Journ.
1116 1332 1161 1378 qf
1179 1332 1245 1366 bot.
1282 1334 1386 1367 1844.
1417 1344 1453 1378 p.
1481 1334 1564 1366 580.
1593 1343 1627 1364 n.
1658 1333 1712 1364 13.

318 1394 442 1429 Raoul
466 1393 579 1428 Flora
607 1393 724 1427 Novae
750 1392 959 1427 Zeelandiae
979 1405 1017 1438 p.
1043 1395 1102 1427 36.

169 1454 282 1490 Locis
309 1454 426 1488 natal.
456 1453 573 1488 adde:
602 1454 638 1487 in
668 1453 808 1488 Insulis
824 1452 1011 1487 Carolinis
1038 1453 1225 1496 (Mettens
1245 1451 1282 1485 in
1302 1451 1374 1484 Hb.
1392 1450 1510 1484 Acad.
1530 1449 1710 1494 Petrop.).

167 1558 204 1593 p.
238 1551 317 1583 181.
421 1550 466 1583 16
485 1547 522 1582 b.
568 1546 942 1594 Chilo-scyphus
968 1545 1319 1592 iugalffolitcs
1345 1544 1494 1588 Taylor.

269 1621 334 1656 Cla.
361 1620 459 1657 caule
493 1620 568 1654 laxe
603 1620 752 1666 implexo
782 1619 1027 1666 procumbente
1060 1617 1293 1664 subsimpliei‚
1321 1617 1428 1662 foliis
1452 1615 1710 1651 subimbricalis

163 1680 368 1728 patentibus
401 1693 418 1715 e
450 1681 523 1715 lata
564 1679 637 1715 basi
670 1679 1033 1724 trianyulari-ovatis
1068 1680 1197 1713 retusis
1230 1678 1395 1712 biviliatis
1420 1684 1592 1712 caeterum
1618 1678 1708 1711 inle-

165 1743 331 1788 yerrimz's
356 1753 435 1776 cum
461 1740 727 1787 ampluiyaseriis
752 1739 945 1774 minoribus
971 1738 998 1772 -1
1013 1759 1026 1764 -
1041 1737 1406 1784 5-cilz'ato-partitis
1426 1738 1595 1772 connatis.

365 1802 622 1846 Chiloscyphus
662 1802 870 1844 iugalisolius
908 1799 1012 1846 Tayl.
1050 1800 1138 1834 JVov.
1177 1799 1271 1845 Hep.
1306 1800 1343 1832 ’ἱη
1371 1799 1480 1832 LomI.
1506 1797 1636 1832 Journ.
1672 1797 1717 1842 qs

452 1860 519 1895 bot.
558 1863 662 1895 1846.
688 1873 727 1906 p.
755 1863 839 1894 283.
867 1872 901 1894 u.
930 1863 964 1894 2.

266 1933 430 1968 Habitat
456 1933 495 1966 in
524 1932 686 1976 Guyana
717 1931 904 1974 (Richard
932 1931 969 1966 in
1000 1931 1075 1966 Hb.
1105 1931 1216 1975 Hk).

267 1993 466 2037 Caespites
493 1997 662 2026 saturare
689 1992 885 2025 olivaceo-
904 1992 1053 2025 virides
1106 1992 1244 2025 Caules
1272 1991 1366 2024 ultra
1396 1990 1567 2033 pollicem
1595 1988 1708 2031 longi,

170 2054 306 2089 lineam
333 2053 414 2095 lati,
441 2052 568 2096 paullo
596 2052 722 2085 erecti.
775 2051 1056 2095 Amphigastria
1082 2052 1190 2084 caule
1217 2051 1282 2084 vix
1305 2050 1451 2091 latiora,
1478 2049 1574 2083 ciliis
1599 2042 1704 2083 ‘elon-

169 2113 267 2157 gatis
295 2111 517 2146 articulatis.

268 2173 406 2208 Differt
433 2183 454 2206 a
483 2171 548 2206 Clz.
575 2170 699 2205 coalito
725 2170 822 2205 foliis
849 2170 1079 2214 longioribus
1113 2176 1150 2205 et
1177 2170 1452 2215 patentioribus
1486 2174 1524 2203 et
1557 2169 1703 2213 amphi-

170 2232 321 2275 gastriis
347 2232 558 2267 minoribus
582 2231 880 2276 profundiusque
907 2230 1051 2266 divisis.

170 2341 206 2374 p.
238 2331 317 2364 181.
516 2330 572 2362 17.
615 2326 985 2372 Chiloscyphus
1010 2324 1390 2370 leucophyllus.

171 2401 280 2436 Adde
308 2402 475 2445 Synon.:
514 2399 656 2434 Hooker
685 2398 850 2445 Cryptoy.
876 2404 1028 2432 antarct.
1048 2410 1087 2444 p.
1115 2400 1174 2432 45.
1201 2411 1236 2432 η.
1262 2400 1320 2432 42.
1350 2404 1375 2431 t.
1403 2397 1516 2442 65.f.
1544 2400 1578 2431 4.

170 2507 207 2540 p.
239 2497 320 2531 182.
529 2497 589 2529 20.
635 2494 1009 2541 chiloseyphue
1036 2493 1388 2529 combinatus.

170 2552 280 2588 Adde
306 2553 498 2597 diagnosi:

270 2639 426 2648 .....
459 2614 664 2661 ΡενίαητΙιὶο
696 2613 939 2661 campanulato
971 2625 1177 2660 compresso,
1215 2613 1296 2646 hinc
1328 2612 1376 2646 ad
1406 2613 1547 2646 tertiam
1566 2619 1706 2658 partem

159 2674 260 2719 fisso,
287 2686 344 2708 ore
370 2673 616 2719 irreyulariter
641 2674 963 2710 inciso-laciniam.

260 2752 290 2789 δ,
316 2747 498 2793 ερὶηοεὶον,
538 2748 629 2779 soliis
656 2749 812 2791 margine
841 2747 970 2779 dorsali
997 2746 1183 2786 undulafis,
1217 2743 1377 2777 dentibus
1403 2743 1621 2786 longioribus
1644 2755 1705 2775 su·—

316 2807 453 2847 hulasss,
486 2806 740 2851 amphigastriis
765 2807 876 2850 magis
900 2806 1180 2851 profundiusque
1211 2805 1341 2847 incisis,
1366 2803 1548 2848 periantbii
1574 2803 1706 2834 laciniis

315 2866 533 2908 longioribus
562 2867 827 2910 angustioribus.

365 2923 535 2961 Liebtmm
560 2925 638 2962 Iter
663 2925 841 2962 Mea-ioan.
866 2925 989 2960 inedit.
