1824 3252
599 236 895 281 Gongylanthus.
947 234 1183 278 Calypogeia.
1586 236 1648 267 197

323 352 582 395 ῦυη8)1ιιιιι1)ιιε
609 350 822 392 flagelliserus
851 349 899 382 N.
925 348 968 382 ab
996 347 1042 382 Ε.
1071 348 1164 394 Hep.
1194 348 1285 381 Eur.
1314 347 1365 381 II.
1388 360 1425 393 p.
1454 349 1534 380 410.
1565 359 1597 379 ἰ.
1617 349 1649 380 2,

405 422 442 456 p.
469 412 553 444 406.
596 409 663 442 IV.
685 421 723 454 p.
749 409 850 443 LVI.

328 469 533 514 Calypogeia
561 469 756 509 flagellisera
784 467 906 501 Raddi
922 466 1254 511 Junqermannioyr.
1272 466 1358 500 Etr.
1384 466 1420 498 in
1438 465 1546 499 lllem.
1563 465 1652 499 della

411 527 490 562 Soc.
526 524 612 559 Ital.
647 527 684 560 cli
710 527 808 561 Mod.
847 526 965 560 XIX.
997 538 1032 571 p.
1059 529 1115 560 43.
1150 524 1228 567 (ed.
1263 527 1325 558 alt.
1353 523 1472 559 Bomz.
1503 536 1541 569 p.
1573 525 1653 568 19.)

412 593 437 619 t.
471 588 505 619 6.
531 584 569 629 f.
597 588 620 620 2
642 596 676 626 a,
699 585 734 626 b,
754 596 784 626 c,
819 586 865 619 ad
896 586 1078 619 sinistram
1110 583 1293 624 intuentis,
1336 589 1370 616 et
1407 583 1445 616 in
1482 583 1653 628 quadrato

416 644 579 688 inferiori
592 643 632 689 f.
661 655 694 678 a.
720 644 820 678 seriei
843 643 1034 688 superioris
1057 644 1103 676 ad
1126 643 1294 676 dextram.

234 713 392 748 Habitat
434 713 524 748 locis
560 712 824 747 humidissimis
859 712 960 745 circa
1008 712 1124 746 rivum
1160 715 1379 745 montanum
1419 710 1544 744 Gazza
1582 715 1652 745 etc.

139 771 268 806 ltaliae
308 772 481 815 (Raddi,
516 772 713 815 Micheli);
756 771 792 804 in
829 770 1129 815 aquaeductibus
1164 769 1404 804 Molendinae
1440 769 1653 804 Rovezzani

138 831 332 864 cuiusdam
358 831 556 876 (Micheli).

234 901 304 944 „In
332 902 496 936 arenosis
522 902 569 936 ad
599 902 745 936 Sturam
771 901 808 934 in
837 911 925 944 agro
948 899 1170 933 Taurinensi
1199 899 1244 932 D.
1262 900 1348 933 Lisa
1376 900 1542 943 plantam
1570 899 1654 933 huic

138 960 244 994 facile
283 961 512 1004 proximam,
558 960 800 1004 dispositione
844 964 891 993 et·
917 959 1033 993 forma
1069 958 1259 997 foliorum,
1307 957 1654 1001 ampliigastriorum

138 1017 283 1052 defectu
311 1018 478 1062 collegit,
507 1019 573 1053 sed
601 1019 772 1061 exempla
800 1017 925 1061 typica
953 1017 1091 1051 Raddii
1119 1027 1193 1050 non
1220 1015 1310 1057 vidi,
1337 1015 1423 1049 inde
1456 1020 1581 1050 nostra
1607 1016 1654 1050 ob

138 1077 430 1112 fructificationis
467 1078 652 1112 desectum
687 1077 772 1110 huic
810 1076 1019 1110 inconsulte
1056 1074 1303 1110 adscribenda
1341 1085 1414 1107 non
1450 1076 1543 1108 est.“
1598 1074 1655 1107 De

142 1134 293 1169 Notaris
323 1136 437 1170 Prin).
468 1134 678 1179 Hepaticol.
709 1136 793 1170 Ital.
820 1147 855 1179 p.
882 1138 940 1169 74.

781 1288 1009 1295 m

661 1399 1036 1453 Subtribus
1078 1403 1131 1453 5.

525 1521 1273 1573 Trichomanoideae.

253 1619 378 1660 Nab
391 1620 443 1660 E.
470 1619 583 1674 Hep.
602 1619 711 1659 Eur.
737 1619 773 1659 Ι.
792 1619 950 1673 p.]01.
986 1618 1142 1673 ΙΙΙ.]).
1166 1619 1189 1659 1
1214 1620 1255 1661 ff.
1290 1618 1433 1672 lV.p.
1454 1616 1656 1657 XXIII.

141 1688 379 1728 Endliclter
414 1688 521 1728 Gen.
549 1702 598 1742 p.
632 1687 757 1728 1342.

272 1766 461 1821 Capsula
491 1767 642 1815 solida,
676 1772 795 1807 recta
826 1772 899 1806 aut
930 1771 1054 1813 torta,
1089 1767 1140 1806 ad
1175 1767 1295 1807 basin
1328 1781 1461 1820 usque
1489 1764 1658 1818 quadri-

138 1833 286 1874 valvis.
340 1835 636 1876 Fructificatio
668 1850 723 1876 ex
757 1835 948 1875 inferiori
981 1835 1113 1875 caulis
1145 1835 1278 1876 latere
1310 1837 1465 1882 oriens,
1498 1833 1657 1874 sessilis

140 1902 205 1942 vel
249 1904 410 1944 ramulo
466 1905 664 1959 proprio,
715 1905 872 1944 ibidem
927 1904 1106 1950 orienti,
1159 1905 1275 1944 vario
1319 1904 1444 1944 modo
1486 1903 1657 1941 inserta.

138 1970 332 2012 Elateres
365 1973 528 2027 bispiri.
592 1973 716 2012 Folia
747 1973 918 2013 innuba.
981 1971 1254 2012 Ramificatio
1288 1987 1408 2026 vaga,
1451 1969 1660 2011 nonnullis

137 2040 406 2093 subpinnata,
442 2055 572 2095 saepe
604 2042 645 2080 in
679 2039 850 2094 flagella
883 2041 1046 2080 abiens.
1111 2040 1234 2080 Folia
1256 2041 1404 2080 subtus
1427 2054 1520 2080 raro
1549 2053 1661 2079 com-

110 2106 311 2160 .plicata,
357 2110 509 2163 quibus
543 2114 686 2150 autem
718 2108 935 2149 auriculae
967 2114 1085 2156 sunt,
1131 2108 1194 2148 his
1237 2109 1336 2149 solis
1381 2109 1537 2149 desunt
1576 2121 1661 2147 am-

137 2175 386 2229 phigastria.

514 2279 635 2321 XX.
699 2280 1092 2338 calypogeia
1127 2279 1287 2321 Raddi.

138 2357 468 2403 Junyermannioyr.
506 2358 591 2392 Etr.
618 2360 655 2393 in
682 2360 764 2394 Act.
789 2372 855 2395 soc.
881 2359 957 2394 ital.
984 2360 1126 2395 Moden.
1163 2360 1320 2394 XVIII.
1341 2371 1378 2405 p.
1409 2362 1466 2393 44.
1501 2357 1577 2401 (ed.
1602 2358 1664 2391 alt.

144 2415 258 2451 Βοηη.
280 2429 318 2462 p.
345 2420 431 2463 20.)
483 2419 528 2454 N.
559 2419 600 2453 ab
629 2420 675 2453 E.
711 2420 805 2466 Hep.
840 2420 934 2453 Eur.
974 2420 1005 2453 I.
1036 2432 1075 2466 p.
1106 2421 1185 2453 101.
1225 2418 1300 2452 ΙΙΙ.
1330 2430 1368 2463 p.
1395 2420 1428 2451 7.
1455 2430 1488 2451 η.
1522 2420 1548 2450 l.
1595 2416 1664 2450 IV.

135 2487 171 2521 p.
198 2475 354 2510 XXIV.
380 2489 414 2511 η.
446 2480 499 2511 14.
552 2478 717 2513 (4011stoe
751 2480 790 2513 in
824 2479 912 2513 Nov.
940 2479 1025 2513 Act.
1052 2479 1101 2513 N.
1131 2479 1170 2512 c,
1203 2478 1320 2512 XXI.
1348 2481 1381 2512 2.
1416 2483 1442 2511 t.
1474 2479 1522 2511 30
1549 2481 1586 2510 et
1607 2465 1670 2510 315

139 2534 258 2568 incdit.
312 2536 505 2570 Endlielzer
533 2537 622 2571 Gen.
654 2550 689 2583 p.
722 2541 822 2572 1342.
848 2550 882 2572 n.
906 2537 1054 2584 47⁶2s⁶20.
1107 2536 1350 2571 Cincinnulus
1378 2536 1544 2570 Dumort.
1577 2534 1665 2580 Syll.

140 2593 321 2638 Junyerm.
351 2607 387 2640 p.
415 2598 473 2630 72.
502 2603 526 2629 t.
559 2599 588 2630 l.
613 2596 652 2641 f.
682 2599 736 2630 11.
786 2596 1105 2640 Jungermanniae
1141 2606 1194 2640 sp.
1222 2596 1330 2630 Linn.
1359 2600 1390 2628 et
1425 2600 1532 2628 auett.
1576 2594 1666 2626 Mnii

143 2662 196 2695 sp.
227 2652 332 2686 Limz.
359 2659 391 2688 et
418 2654 509 2689 Dill.

244 2721 525 2757 Infloi·escentia
560 2724 718 2759 feminea
752 2725 959 2769 hypogena.
1015 2724 1256 2768 Perigynium
1291 2724 1386 2766 (sive
1421 2722 1668 2763 involucrum)

150 2788 344 2812 carnosum
370 2780 408 2813 in
435 2786 567 2816 terram
596 2784 827 2818 descendens
862 2784 993 2818 setulis
1026 2783 1330 2818 incumbentibus
1357 2782 1509 2819 hirtum,
1543 2779 1665 2823 pistil-

146 2834 222 2867 lum
265 2838 467 2878 Perfectum
516 2853 599 2876 cum
650 2843 829 2877 abortivis
868 2844 970 2878 intus
1017 2844 1157 2878 fovens.
1219 2840 1475 2875 Perianthium
1516 2838 1667 2871 nullum.

147 2893 327 2936 calyptsa
366 2898 472 2938 apice
507 2899 623 2935 libera
663 2912 779 2946 usque
815 2902 861 2936 ad
896 2904 917 2944 ἓ
951 2913 1035 2936 cum
1070 2901 1263 2946 perigynio
1289 2903 1461 2933 connata.
1513 2897 1670 2930 Involu-

154 2951 286 2986 ⁰⁰¹¹Uffl
312 2952 512 2996 PCdunculi
539 2959 728 3001 proprium
755 2961 830 2995 fere
858 2972 973 3006 usque
1009 2961 1054 2995 ad
1081 2960 1216 2994 limites
1253 2958 1440 3002 calyptrae
1475 2960 1669 2989 concretae
