1824 3252
164 175 240 210 ’792
657 171 905 206 Antboeeros.
959 167 1219 214 Carpolipum.

263 288 422 322 Frondes
447 285 677 321 masculinae
711 284 971 328 angustiores;
1009 283 1046 318 in
1080 282 1218 327 plantis
1265 282 1456 318 sterilibus
1491 283 1708 328 praecipue,

165 347 232 382 sed
262 358 336 382 non
363 348 482 380 solum
511 346 548 379 in
577 345 634 387 iis,
663 356 712 379 ex
739 344 1045 380 extremitatibus
1067 343 1184 378 lobuli
1209 342 1391 383 oriuntur,
1417 342 1481 387 qui
1503 343 1709 378 tuberculis

165 407 296 452 opacis
323 406 453 441 solidis
480 404 781 449 subcompressis
814 405 1010 444 ovalibus‚
1042 404 1112 438 sub
1148 402 1315 436 cuticula
1351 403 1558 436 saturatius
1592 403 1711 438 tincta

164 476 326 499 massam
357 465 587 499 farinaceam
617 464 914 505 contineutibus,
943 464 1204 498 terminantur.
1256 462 1408 496 Tubera
1434 463 1571 498 similia
1597 464 1708 497 etiam

165 525 205 559 in
232 525 316 558 aliis
347 525 545 569 Hepaticis
583 536 614 559 e.
643 536 676 567 g.
715 525 752 558 in
781 523 1026 572 Pelalophyllo
1053 523 1206 558 Preissit'
1231 527 1268 556 et
1295 523 1332 557 in
1359 522 1495 557 Rz'cciis
1521 523 1710 557 nonnullis

165 584 422 624 inveniuntur,
452 585 640 619 radicellis
668 584 855 629 praedita,
883 585 992 629 quasi
1020 585 1143 619 locum
1172 582 1317 626 refugii,
1348 583 1394 616 ad
1420 593 1531 628 quem
1558 583 1712 626 plantae

166 644 245 678 vita
284 650 429 678 aestate
464 645 551 679 anni
587 645 730 679 torrida
765 645 983 680 imminente
1022 643 1263 686 commigrat,
1310 642 1342 677 si
1381 653 1512 677 omnes
1546 642 1711 688 reliquae

165 709 294 748 partes
322 705 479 748 plantae
508 705 727 739 exsiccatae
764 710 872 746 sunt,
911 704 1166 749 praestantia;
1209 702 1308 736 unde
1335 703 1428 737 haec
1462 714 1529 748 pro
1557 702 1713 746 gemmis

166 765 306 799 habere
341 765 465 800 liceat.
519 766 701 800 Antherae
742 769 755 799 l
786 787 800 792 -
827 769 872 807 5,
908 769 1137 809 aggregatae
1173 767 1211 798 et
1243 763 1385 797 frondis
1419 762 1518 807 parti
1554 762 1712 796 centrali

164 822 378 866 immersae,
410 826 568 870 quaevis
598 837 759 860 massam
791 825 1005 870 pollinicarn
1034 823 1283 859 semifluidam
1311 823 1476 856 albidam
1503 823 1712 858 continens.

167 882 321 929 Capsula
347 885 538 929 egreditur
573 897 639 930 per
674 885 818 920 frondi‘s
852 886 1055 919 cuticulam
1084 890 1248 928 ruptam.
1305 882 1495 930 Calyptra,
1531 882 1634 916 utin
1662 882 1712 916 A.

156 951 350 990 punctulo,
391 945 519 979 lacera
553 946 652 979 intra
690 945 833 980 frondis
875 945 1078 979 cavitatem
1119 955 1235 989 prope
1272 943 1499 988 pedicellum
1534 943 1714 987 capsulae

165 1003 370 1038 invenitur.
423 1005 616 1040 Columella
647 1006 841 1040 filiformis.
894 1005 1039 1039 Semina
1073 1005 1330 1045 subrotunda,
1367 1007 1563 1048 punctata,
1591 1003 1711 1038 elate-

168 1063 273 1098 ribus
301 1066 453 1109 spuriis,
485 1071 526 1100 ut
552 1067 589 1101 in
618 1066 770 1111 reliquis
797 1065 1129 1105 Anthoeerotibus,
1158 1064 1289 1098 mixta.
1339 1064 1494 1109 (Taylor
1520 1064 1542 1098 l.
1568 1065 1621 1108 c.)

166 1157 203 1190 p.
230 1150 315 1182 586.
470 1152 505 1185 9.
547 1151 876 1186 Anthoceros
902 1149 1211 1197 multifidus
1241 1148 1407 1183 Schmid.

269 1208 451 1243 Deleatur
479 1210 622 1254 Synon.
669 1210 920 1244 Antleocerotis
947 1209 1162 1244 bras-{limais
1188 1209 1325 1244 Reddi.

725 1293 1160 1350 Carpolipum.

167 1373 277 1409 Adde
305 1375 470 1419 Synon.:
521 1375 746 1420 Notothylas
783 1375 962 1410 Sullivant
1000 1376 1119 1410 Musei
1156 1374 1440 1422 Alleylzanienses
1478 1382 1510 1409 et
1549 1374 1717 1409 Silliman

451 1435 655 1470 American.
683 1437 815 1471 Journ.
842 1436 887 1481 of
905 1439 1036 1470 science
1061 1437 1135 1470 and
1157 1443 1245 1470 arts.
1302 1439 1405 1470 1846.
1426 1448 1466 1482 p.
1493 1438 1550 1470 74.

267 1495 328 1530 lin.
356 1499 379 1530 6
408 1496 527 1531 adde:
564 1497 730 1541 Capsula
758 1497 981 1531 brevissime
1019 1497 1266 1541 pedicellata,
1303 1496 1491 1540 pedicello
1526 1496 1562 1529 in
1597 1496 1715 1530 bulbo

167 1554 379 1590 incrassato
407 1557 546 1597 adfixo,
575 1563 705 1592 sutura
727 1557 991 1601 longitudinali
1027 1557 1075 1591 ab
1111 1558 1218 1601 apice
1246 1556 1292 1590 ad
1322 1556 1487 1590 medium
1515 1555 1712 1590 subbival-

167 1614 282 1648 vatim
312 1616 371 1650 vel
401 1617 547 1659 (sutura
563 1617 779 1661 defiviente)
808 1617 1035 1650 frustulatim
1055 1616 1270 1651 dehiscens.
1315 1617 1556 1651 lnvolucrum
1585 1615 1716 1650 sessile

168 1673 290 1709 frondi
318 1676 538 1711 continuum
568 1678 673 1712 initio
700 1679 886 1719 clausum,
913 1677 1066 1711 tandem
1094 1687 1257 1722 superne
1285 1676 1476 1711 fatiscens.

266 1735 332 1770 lin.
350 1738 374 1770 9
401 1737 522 1772 adde:
552 1738 776 1772 Antberidia
804 1737 927 1772 frondi
955 1738 1130 1772 immersa
1157 1736 1518 1780 clliptico-globosa.

267 1792 426 1837 Species
473 1797 668 1843 hucusque
710 1798 884 1842 cognitae
933 1809 1033 1832 nunc
1072 1803 1149 1832 tres
1191 1802 1456 1838 numerantur,
1500 1806 1630 1830 omnes
1677 1795 1714 1830 in

169 1852 346 1888 America
373 1858 673 1900 septentrionali.

169 1935 206 1968 p.
231 1928 317 1960 591.
458 1932 488 1962 1.
543 1929 892 1984 Carpolipntm
918 1930 1225 1966 orbiculare
1255 1928 1301 1963 N.
1331 1929 1379 1962 ab
1410 1929 1451 1962 E.

268 1984 309 2018 C.
346 1986 522 2021 involucro
554 1988 736 2031 suber-ecto,
773 1989 918 2036 capsula
943 1988 1318 2035 oblonyo-ellipsoidea
1344 2000 1536 2034 compressa
1560 1999 1640 2022 cum
1665 1985 1717 2020 vel

168 2042 293 2090 absque
316 2052 442 2080 sutura
467 2047 650 2083 concolore.

364 2106 567 2152 Notothylas
594 2109 800 2141 orbicularis
826 2107 1021 2142 Sullivanl.
1050 2107 1075 2142 l.
1101 2120 1129 2142 c.

170 2187 207 2221 p.
233 2179 317 2212 591.
453 2182 489 2213 2.
543 2178 892 2224 Garpolipnzm
919 2180 1201 2214 calvatum
1230 2177 1276 2212 N.
1305 2177 1353 2212 ab
1383 2178 1424 2212 E.

271 2237 311 2272 C.
339 2238 517 2273 involucro
542 2239 754 2274 horizontali
779 2239 908 2286 deflexo
931 2239 1152 2285 cornisormi,
1186 2237 1328 2285 capsula
1351 2235 1718 2284 elonyato-cylindrica

169 2297 318 2333 cuv-vala
341 2305 470 2333 sutura
493 2299 646 2334 colorata
671 2312 804 2347 semper
827 2301 1012 2341 instructa,
1046 2299 1158 2346 sporis
1183 2297 1319 2333 luteolis
1342 2297 1566 2343 subfuso-istae,
1581 2295 1717 2343 fronde

170 2358 341 2393 diametro
366 2356 393 2394 3
403 2378 418 2384 -
428 2356 455 2393 8
467 2379 482 2385 -
497 2358 637 2394 lineari.

364 2420 568 2464 Notothylas
611 2421 739 2452 valvam
774 2419 957 2454 Sallivant
997 2419 1117 2453 Musei
1155 2417 1300 2463 Alleyla.
1339 2429 1376 2452 n.
1415 2417 1499 2451 289.
1550 2414 1719 2450 Silliman

451 2467 612 2502 Americ.
637 2467 767 2502 Journ.
793 2468 839 2513 qs
855 2480 901 2502 sc.
927 2468 1001 2501 and
1023 2474 1107 2501 arts.
1142 2468 1248 2501 1846.
1269 2478 1310 2512 p.
1337 2468 1397 2500 75.
1424 2477 1459 2498 n.
1486 2465 1570 2499 289.

269 2525 432 2561 Habitat
463 2527 501 2560 in
530 2527 816 2562 humidiusculis
851 2527 952 2561 circa
986 2526 1195 2562 Columbus
1227 2525 1392 2560 Ohionis
1425 2527 1486 2558 sat
1519 2523 1715 2568 frequens;

172 2586 392 2621 maturescit
418 2591 784 2622 aestate-autumno.

171 2669 209 2702 p.
234 2660 320 2693 591.
419 2662 454 2694 3.
507 2658 854 2703 vav-ponpam
876 2659 1317 2702 melano-sporum
1346 2656 1393 2691 N.
1420 2656 1468 2690 ab
1497 2655 1542 2691 E.

272 2716 314 2751 C.
340 2718 499 2763 capsulae
519 2725 645 2753 sutura
669 2720 809 2752 omnino
833 2718 944 2760 nulla,
969 2717 1149 2752 columella
1174 2715 1466 2765 appendiculam,
1492 2716 1604 2763 sporae's
1619 2721 1717 2750 atro-

162 2775 283 2822 fuscis
307 2778 453 2812 dimidio
477 2778 668 2813 maioribus
690 2791 797 2825 quam
821 2779 857 2813 in
879 2778 1115 2825 praecedente.

368 2839 576 2919 Notolthylas
603 2841 844 2921 nbeganospora
869 2837 1062 2873 Sullr‘vant.
1078 2837 1195 2874 Musc.
1211 2836 1353 2883 Alleqla.
1369 2849 1404 2872 η.
1418 2839 1478 2872 90.
1530 2835 1714 2872 Silliman.

475 2913 482 2922 .
509 2898 539 2921 c.
564 2899 600 2920 η.
680 2912 688 2921 .

275 2945 438 2981 Habitat
463 2946 597 2982 iisdem
624 2946 716 2982 loeis
744 2956 829 2981 cum
856 2944 994 2991 priore,
1021 2944 1267 2982 rarissimum.
