1824 3252
437 140 745 185 Sphagnoecetis.
788 138 1029 174 Pleuranthe.
1079 137 1329 182 Lophocolea.
1574 140 1645 173 689

221 254 356 289 Differt
379 253 472 288 haec
498 264 520 287 a
545 252 632 299 Splz.
653 252 822 287 communi
847 251 1056 297 perianthio
1081 252 1201 295 magis
1235 251 1410 295 elongato
1437 254 1475 285 et
1501 251 1548 285 ab
1574 251 1645 285 hac

134 317 171 349 et
206 313 293 360 Sph.
322 319 508 360 prostrata
544 312 640 347 foliis
675 312 775 346 haud
809 311 1049 356 marginatis,
1108 311 1195 344 dum
1230 309 1318 345 folia
1350 310 1510 345 rotunda
1548 311 1645 345 hanc

127 374 284 409 omnino
309 384 330 407 a
356 372 443 419 Sph.
468 372 624 406 radicosa
649 372 870 416 distingunt.
921 372 1074 416 (Taylor
1100 371 1126 406 l.
1152 371 1204 415 c.)

221 434 324 468 Pace
351 433 434 466 Viri
462 432 579 467 celeb.
605 432 741 476 Taylor
768 431 912 476 species
939 431 1048 464 huius
1073 430 1237 474 generis,
1270 429 1300 463 si
1327 429 1413 475 Splz.
1440 440 1646 463 communem

125 497 163 528 et
187 493 424 538 stoloniferam
450 491 640 535 excipias,
678 491 794 525 dubio
825 491 986 536 quodam
1013 494 1164 535 propter
1190 489 1510 524 fructificationem
1536 488 1646 532 igno-

125 556 202 587 tam
240 553 430 593 laborare,
478 552 550 584 huc
589 551 769 585 adnotare
807 551 998 592 volumus,
1040 560 1108 583 nec
1144 550 1348 593 marginem
1390 548 1572 582 tumidum
1610 546 1650 581 in

128 611 303 646 omnibus
331 610 417 657 Sph.
438 616 641 656 prostratae
667 609 851 653 exemplis
885 610 1037 653 (nempe
1063 619 1160 654 quae
1187 608 1276 642 talia
1304 607 1508 652 credimus)
1542 606 1648 641 inve-

125 669 210 712 niri,
238 669 339 705 unde
366 669 515 704 cautius
540 669 577 703 in
605 669 660 704 his
686 669 882 714 speciebus
909 668 1198 713 diagnoscendis
1225 667 1410 712 agendum
1436 671 1504 702 est.

125 763 162 795 p.
192 755 271 786 151.
324 751 421 785 Ante
447 750 722 795 Lophocoleam
749 750 846 784 adde
872 761 1010 785 novum
1038 759 1173 792 genus:

682 842 1108 887 Pleuranthe.

223 923 357 970 Taylor
382 924 419 957 in
444 923 587 957 Lomlon
611 923 766 957 Journal
788 923 832 969 qf
850 923 974 970 botany
1002 926 1106 957 1846.
1130 935 1168 968 p.
1194 924 1278 956 282.

221 983 482 1017 Perianthium
512 983 591 1017 basi
618 983 810 1025 radicans,
840 983 1020 1024 solidum,
1048 983 1255 1023 incurvum,
1288 979 1377 1015 folia
1402 979 1473 1013 tria
1499 979 1644 1013 involu-

125 1043 241 1078 cralia
265 1043 409 1083 ferens,
437 1052 457 1075 e
483 1042 601 1076 caulis
628 1049 758 1076 ventre
782 1042 919 1083 oriens,
946 1041 1069 1076 medio
1096 1051 1307 1082 carnosum,
1333 1044 1442 1081 teres,
1468 1037 1646 1082 cylindri-

125 1113 207 1136 cum
225 1129 233 1144 ,
260 1102 367 1145 apice
393 1102 741 1143 membranaceum,
769 1102 954 1143 conicum,
985 1101 1323 1144 subcompressum,
1350 1109 1413 1133 ore
1439 1097 1649 1141 subplicato

124 1160 649 1196 bi-tri-lacero-laciniato.
693 1161 873 1204 Calyptra
898 1160 1098 1204 perianthii
1126 1160 1224 1193 fauei
1250 1158 1430 1193 insidens.
1479 1157 1649 1191 Elateres

125 1221 268 1265 bispiri.
297 1221 463 1264 Capsula
477 1219 820 1265 subquadrivalvis.
832 1238 878 1243 ——
892 1219 1172 1252 Inssorescentia
1186 1218 1354 1252 mascula
1371 1217 1492 1251 adhuc
1506 1217 1648 1260 ignota.

221 1280 376 1324 Species
409 1282 422 1313 1
452 1279 490 1313 in
517 1278 692 1312 America
719 1277 1004 1322 septentrionali
1031 1288 1217 1311 crescens.

459 1363 492 1395 1.
541 1361 874 1395 Pleuranthe
901 1361 1138 1395 olivacea
1162 1359 1314 1403 Taylor.

222 1431 354 1478 Taylor
379 1432 417 1465 in
445 1432 557 1467 Lond.
585 1432 714 1466 Journ.
741 1433 786 1477 of
803 1430 929 1477 hotany
955 1430 977 1466 ἶ.
1005 1444 1032 1465 c.

221 1491 384 1526 Habitat
408 1491 445 1525 in
474 1490 646 1525 America
674 1490 955 1535 septentrionali
980 1490 1234 1534 (Drummond
1261 1490 1297 1523 in
1325 1489 1401 1523 Hb.
1430 1489 1541 1534 Hk.).

221 1551 372 1592 „Caales
397 1550 564 1594 implexi,
591 1551 763 1591 flexuosi,
792 1549 972 1591 reclinati,
998 1550 1224 1592 radicantes,
1251 1549 1531 1591 semiunciales,
1558 1550 1648 1583 sub-

125 1609 336 1653 simplices,
363 1610 501 1654 pallide
528 1610 698 1644 olivacei.
750 1609 857 1643 Folia
882 1620 1028 1643 sursum
1057 1609 1242 1650 secunda,
1268 1608 1478 1650 imbricata,
1505 1612 1649 1643 erecto—

124 1671 307 1714 patentia‚
337 1680 493 1704 recurva
533 1670 650 1715 (unde
676 1669 815 1703 surculi
842 1669 1111 1714 canaliculati),
1139 1668 1542 1712 rotundato-oblonga,
1569 1668 1653 1702 sinu

126 1730 227 1763 brevi
265 1729 509 1772 emarginata.
574 1729 841 1775 Ampliiyastria
874 1729 1105 1769 lanceolata,
1141 1728 1392 1771 integerrima.
1452 1727 1655 1762 Periantliiz'

124 1788 226 1823 basis
253 1788 373 1823 solida
402 1789 627 1832 receptaculi
662 1788 742 1822 vice
777 1788 964 1832 fungitur,
1002 1788 1083 1822 eius
1118 1787 1206 1821 folia
1241 1787 1314 1820 tria
1347 1785 1505 1820 caulinis
1538 1785 1653 1819 multo

124 1849 269 1882 minora
299 1854 386 1882 sunt
415 1852 529 1892 atque
556 1852 700 1890 erecta,
738 1859 825 1892 pars
862 1853 983 1882 autem
1020 1846 1143 1881 media
1180 1849 1265 1880 ante
1298 1845 1471 1889 pedicelli
1497 1845 1651 1889 elonga-

125 1907 277 1947 tionem,
306 1907 498 1951 capsulam
526 1914 685 1941 maetam
713 1912 827 1942 tenet.
872 1906 1070 1941 Pedicellus
1097 1905 1160 1940 vix
1188 1904 1453 1939 semiuncialis.
1504 1902 1655 1950 Capsula

124 1967 199 2001 late
221 1967 362 2002 *ovalis
417 1967 546 2001 Flores
581 1967 738 2001 masculi
773 1967 902 2011 ignoti.
954 1966 1113 2000 Fructus
1150 1965 1272 1999 iunior
1300 1964 1461 2008 'primum
1497 1963 1535 1998 in
1572 1974 1652 1997 am-

124 2026 319 2070 phigastrii
344 2026 460 2061 axilla
483 2027 652 2070 adparet,
680 2027 858 2069 minutus,
887 2025 1104 2070 globularis‚
1131 2024 1292 2060 albidus.
1333 2024 1482 2058 Desunt
1507 2021 1653 2055 radices

125 2086 437 2130 flagelliformes.“
490 2087 641 2130 (Taylor
667 2087 690 2121 Ι.
718 2087 766 2129 e.)

660 2176 1094 2233 Lophocolea.

127 2270 165 2302 p.
196 2260 264 2292 152
289 2257 310 2290 l.
341 2259 394 2291 13.
431 2268 576 2291 summa
603 2258 811 2302 specierum
849 2257 988 2292 additis
1023 2255 1148 2290 dubiis
1176 2257 1324 2289 notetur
1352 2256 1419 2295 703
1446 2256 1531 2297 post
1556 2252 1578 2285 l.
1609 2254 1654 2286 14

223 2317 502 2359 „Promontorii
519 2317 649 2351 Bonae
666 2317 779 2360 Spei“
808 2316 972 2350 inseras:
1000 2315 1181 2358 „Insulae
1199 2313 1412 2349 Borboniae
1436 2314 1480 2346 l“
1508 2316 1544 2345 et
1570 2317 1655 2355 post

224 2377 465 2421 Abyssiniam
498 2376 637 2410 addas:
677 2376 830 2409 Insulae
865 2374 1100 2418 Kerguelens
1132 2374 1238 2407 Land
1274 2373 1398 2406 dictae
1428 2374 1465 2413 1;
1504 2371 1654 2406 Insulae

227 2437 283 2470 St.
314 2436 483 2470 Helenae
514 2440 552 2477 1;
593 2437 656 2469 lin.
688 2438 751 2477 16,
788 2436 869 2469 loco
896 2433 1092 2468 Americae
1125 2432 1314 2466 calidioris
1344 2434 1407 2473 10,
1440 2441 1560 2474 ponas
1592 2433 1654 2472 17;

224 2496 317 2531 ibid.
356 2500 444 2530 ante
472 2495 606 2530 Novae
634 2495 862 2530 Hollandiae
895 2495 1105 2528 inseratur:
1144 2492 1303 2526 “Novae
1332 2490 1552 2525 Britanniae
1583 2493 1652 2533 1“;

224 2555 488 2590 promontorio
516 2556 621 2590 Horn
659 2566 742 2589 cum
779 2554 975 2588 adiacente
1009 2552 1140 2586 Insula
1168 2550 1348 2585 Hermitis
1375 2554 1417 2591 5,
1451 2554 1488 2583 et
1514 2550 1654 2584 Insulis

225 2614 494 2657 Falklandicis‚
520 2615 593 2649 illis
619 2615 656 2648 in
685 2613 807 2648 multis
834 2613 1008 2656 congruis
1033 2615 1078 2654 6;
1103 2611 1168 2646 lin.
1195 2614 1251 2652 17,
1276 2621 1393 2654 ponas
1420 2610 1501 2644 loco
1523 2609 1654 2644 Novae

227 2673 453 2709 Zeelandiae
485 2677 521 2709 1:
551 2674 711 2716 „Novae
739 2673 965 2708 Zeelandiae
991 2673 1053 2706 9.“

132 2767 167 2800 P.
198 2758 278 2790 152.
441 2762 470 2792 l.
510 2758 838 2804 Lophocolea
863 2755 1145 2789 Effartiana
1173 2752 1220 2786 N.
1248 2752 1295 2786 ab
1321 2752 1364 2785 E.

229 2827 389 2862 Habitat
424 2828 536 2863 etiam
585 2829 622 2863 in
657 2839 769 2872 regno
803 2826 1007 2861 Mexicano
1044 2825 1091 2858 ad
1126 2823 1295 2857 Mirador
1331 2818 1570 2866 (Liebman);
1614 2817 1654 2853 in

134 2887 355 2923 Columbiae
382 2888 575 2932 provincia
601 2887 749 2923 Merida
774 2885 941 2931 (Moritz,
968 2884 1045 2919 Hb.
1073 2881 1341 2927 Kolilmeyeri).

1254 2966 1310 2994 44
