1824 3252
789 189 1005 224 Gottschea.
1577 191 1643 223 621

124 319 159 351 p.
190 309 244 341 19.
475 307 519 338 10
537 304 572 338 b.
602 303 882 339 &ott-schem
902 303 1136 350 pac-hyla
1160 302 1307 346 Taylor.

223 366 268 400 G.
303 365 397 400 caule
431 364 611 409 caespitoso
644 370 752 397 erecto
776 362 972 397 subi-amosa
1005 364 1100 409 apice
1132 364 1295 404 incurvo,
1317 361 1424 408 foliis
1458 361 1650 397 imbricatis

122 424 448 472 erecto-patentibus
474 422 557 457 lobes
581 422 851 469 ovato-oblonqis
875 424 1096 463 acuminatis,
1122 423 1250 457 dorsali
1275 423 1370 469 apice
1393 422 1533 455 incurvo
1558 422 1647 455 inte-

117 487 291 532 9errimo‚
325 483 473 519 ventrali
510 482 721 516 horizontali
751 485 910 528 maryine
941 484 1117 517 (interiore
1149 484 1286 517 dentato
1310 482 1403 528 apice
1432 480 1647 524 subincurvo,

121 546 384 592 ampliiyastriis
408 543 597 577 maioribus
622 543 951 576 ovato-acuminatis
977 542 1092 586 bifidis
1117 543 1297 587 seymeyitis
1324 540 1530 576 lanceolatis.

313 605 580 646 Jungermaunia
618 603 759 647 pachyla
797 602 899 649 Tayl.
937 603 1030 648 Hep.
1057 608 1206 635 antarct.
1239 601 1276 635 ’ἱη
1304 601 1415 634 Loml.
1450 600 1578 634 Journ.
1611 599 1655 644 of

403 663 470 697 bot.
501 665 605 696 1844.
628 674 667 708 p.
695 665 776 696 456.
805 675 837 696 η.
862 669 896 696 4.

220 721 380 755 Habitat
407 722 444 756 in
485 722 574 766 ripis
601 722 764 756 humidis
791 722 929 766 apertis
957 722 1110 756 Insulae
1138 721 1307 755 Hermite
1333 725 1370 755 et
1398 719 1648 755 Promontorii

123 783 243 818 Horn.
273 782 447 827 (Hooker
468 782 582 826 jun.).

218 842 368 876 Radices
400 853 466 885 pro
500 852 602 876 more
639 840 848 885 simplices,
883 852 1044 881 crassae,
1080 850 1301 885 purpureae.
1365 839 1538 885 Caespites
1570 837 1646 871 laxi

120 903 268 936 intense
296 901 632 935 rufescenti-susci.
686 900 810 935 Caules
838 901 1057 941 biunciales‚
1084 901 1217 941 erecti,
1250 898 1489 934 innovatione
1515 896 1643 931 termi-

120 962 196 995 nali
223 972 351 995 crassa
377 960 545 995 incurva.
586 960 691 994 Folia
707 965 807 994 arcte
834 960 1029 994 imbricata
1059 961 1106 994 ad
1132 963 1154 1003 {-
1181 960 1327 993 circiter
1354 970 1375 992 a
1411 958 1493 992 basi
1519 956 1644 997 bifida,

119 1021 216 1056 iobis
244 1022 381 1064 angulo
409 1025 532 1060 acuto,
560 1020 844 1054 conniventibus
871 1021 952 1054 sinu
980 1022 1145 1054 flexurae
1173 1019 1338 1053 carinam
1370 1018 1449 1052 solii
1475 1016 1645 1061 proxime

120 1081 323 1125 superioris
351 1080 571 1124 recipiente:
599 1080 785 1123 margines
810 1080 979 1114 loborum
1007 1080 1162 1124 repandi
1182 1079 1417 1124 anteriorque
1443 1077 1518 1112 lobi
1545 1076 1642 1110 infe-

119 1141 228 1176 rioris
268 1151 397 1183 margo
442 1140 586 1183 apicem
620 1150 752 1173 versus
788 1139 962 1174 dentibus
997 1143 1085 1173 3-4
1126 1139 1211 1173 latis
1251 1138 1445 1182 profundis
1487 1137 1643 1171 sinubus

120 1200 292 1234 discretis
320 1204 484 1232 armatus
511 1204 579 1233 est.
641 1198 900 1244 Anaplu'gsastrii
933 1199 1090 1232 laciniae
1126 1209 1240 1242 saepe
1273 1198 1511 1242 inaequales,
1546 1197 1640 1230 inte-

120 1259 302 1304 gerrimae
329 1260 396 1293 sed
423 1259 645 1302 repandae.·

217 1318 396 1352 Proxima
445 1318 620 1352 affinitate
657 1317 858 1351 coniuncta
906 1323 962 1351 est
1007 1318 1099 1351 haec
1144 1317 1289 1361 species
1336 1327 1419 1350 cum
1461 1316 1645 1350 Gottsehea

116 1377 417 1424 splaelmophylla,
452 1378 575 1411 differt
601 1382 724 1412 autem
753 1382 897 1411 statura
924 1377 1080 1419 minore,
1106 1377 1202 1411 foliis
1229 1376 1461 1411 brevioribus
1487 1375 1645 1419 prosun-

117 1437 201 1471 dius
249 1438 398 1478 divisis,
446 1438 552 1471 caule
595 1438 718 1471 minus
757 1448 970 1481 compresso
1006 1442 1042 1471 et
1081 1437 1217 1471 lacinia
1258 1437 1427 1471 foliorum
1471 1436 1644 1473 inferiore

118 1497 261 1541 apicem
288 1508 415 1531 versus
443 1503 650 1531 antrorsum
678 1498 844 1531 dentata.
898 1498 1049 1541 (Taylor
1075 1498 1096 1532 l.
1125 1498 1176 1541 c.)

117 1579 154 1613 p.
184 1572 239 1603 19.
391 1572 444 1602 11.
487 1569 767 1604 Gottschea
787 1569 1146 1615 pachyphylla
1174 1568 1219 1601 N.
1247 1568 1294 1601 ab
1322 1568 1364 1600 E.

118 1628 215 1662 adde
243 1629 394 1672 Synon:
435 1629 577 1662 Hoolcer
606 1629 826 1675 Cryptoyani.
855 1636 1005 1663 (incar-ct.
1029 1641 1065 1674 p.
1093 1631 1151 1662 35.
1179 1640 1213 1661 n.
1245 1631 1299 1661 10.

214 1687 258 1721 In
296 1687 436 1721 Insulis
471 1687 691 1729 Auckland,
730 1688 767 1722 in
807 1694 906 1723 terra
944 1689 1056 1729 nuda,
1095 1690 1276 1722 600-800
1309 1686 1395 1731 ped.
1432 1684 1641 1726 altitudine,

118 1759 321 1782 rarrssrma.

119 1837 154 1869 p.
186 1829 241 1860 19.
354 1828 393 1859 11
412 1825 447 1858 b.
486 1825 764 1859 Gottschea
790 1825 1228 1870 splachnophylla
1257 1824 1363 1867 Tayl.

216 1884 260 1918 G.
286 1884 380 1918 caule
402 1883 616 1929 subdisperso
635 1884 878 1930 procumbente
901 1884 1112 1930 subsimpliei
1124 1895 1310 1929 squamoso,
1325 1881 1431 1927 foliis
1454 1881 1645 1916 imbricatis

116 1943 451 1989 erecto-patentibus,
480 1943 551 1977 lobo
576 1944 727 1978 ventrali
752 1945 1025 1989 fflonyowcuto,
1052 1943 1182 1977 clm-sali
1204 1945 1409 1977 semi-ovato
1433 1941 1642 1987 subaequali,

118 2010 258 2049 utroque
282 2015 434 2043 carnoso,
461 2004 555 2048 apice
581 2003 763 2044 seri-alato,
788 2006 944 2049 maryine
970 2005 1122 2044 incurvo,
1148 2002 1207 2036 ala
1232 2002 1360 2036 lineari
1382 2002 1618 2046 inteyerrima.

309 2064 577 2106 Jungermauuia
612 2065 886 2109 splachnoplrylla
919 2063 1050 2110 Taylor·
1076 2064 1168 2109 Hel).
1196 2064 1408 2097 antarctieae
1438 2063 1476 2096 ‘iu
1500 2063 1642 2096 Lmzdon

392 2121 519 2156 Journ.
547 2122 591 2168 of
609 2122 673 2156 bot.
705 2125 809 2157 1844.
828 2136 868 2169 p.
896 2126 980 2157 455.
1007 2135 1042 2157 η.
1069 2126 1103 2157 3.

214 2180 373 2215 Habitat
410 2182 457 2215 ad
494 2182 795 2217 Promontorium
831 2183 934 2226 Cape
969 2182 1074 2216 Horn
1113 2187 1150 2215 et
1183 2181 1317 2215 fretum
1349 2179 1641 2224 Magellanicum

118 2239 200 2284 (ubi
228 2240 317 2283 legit
343 2241 416 2274 Mr.
449 2241 650 2285 Menzies).

211 2299 356 2334 Surculi
380 2299 631 2344 bipollicares,
658 2301 734 2335 fere
749 2303 770 2344 ὲ
787 2300 874 2344 poll.
896 2300 972 2340 lati,
1000 2299 1132 2334 coloris
1155 2299 1303 2333 sordide
1321 2296 1641 2333 albido-olivacei.

116 2359 223 2393 Folia
255 2370 406 2401 crassa,
451 2370 631 2401 carnosa,
674 2360 906 2403 marginibus
940 2359 1050 2393 facile
1084 2359 1263 2393 diffractis
1300 2359 1437 2402 angulo
1472 2358 1641 2392 loborum

116 2424 239 2462 acuto,
266 2419 304 2453 in
333 2419 440 2453 cuius
466 2419 588 2453 sinum
616 2419 742 2453 carina
769 2418 845 2452 folii
872 2417 1042 2462 proxime
1068 2418 1268 2462 superioris
1291 2417 1478 2460 recipitur.
1522 2414 1642 2449 caulis

115 2478 250 2512 subtus
276 2478 391 2512 dense
416 2477 652 2514 radiculosus
678 2482 715 2512 et
746 2479 844 2512 inter
879 2476 1066 2511 radiculas
1101 2477 1306 2522 squamulis
1337 2477 1468 2520 paucis
1502 2480 1638 2510 rotun-

116 2537 214 2572 datis
250 2538 356 2582 apice
390 2537 552 2572 dentatis
584 2538 790 2582 inspersus.
853 2537 1066 2580 Margincs,
1105 2541 1179 2571 tam
1214 2537 1382 2571 loborum
1417 2535 1494 2570 solii
1528 2546 1640 2580 quam

117 2596 198 2631 alae
224 2598 355 2632 leniter
379 2601 466 2631 sunt
491 2597 647 2632 incurvi.

212 2656 366 2700 Species
392 2656 485 2690 haec
513 2668 535 2690 a
560 2656 712 2702 reliquis
739 2655 932 2690 Gonu-heis
959 2655 1021 2700 (G.
1048 2654 1284 2702 pachyphylla
1310 2654 1488 2698 excepta)
1515 2654 1639 2688 differt

115 2713 215 2748 foliis
241 2716 420 2750 carnosis.
475 2717 628 2760 (Taylor
654 2717 679 2752 1.
706 2716 757 2761 c.)

212 2774 279 2808 Ad
292 2778 377 2809 not.
429 2776 790 2820 Amphigastriorum
817 2786 890 2809 non
926 2774 1095 2809 meminit
1122 2778 1262 2808 auctor.
1314 2774 1488 2818 Suspicio
1515 2777 1639 2808 autem

116 2835 174 2867 est
200 2832 321 2875 nobis,
348 2844 392 2868 ea
418 2839 456 2869 et
480 2836 566 2870 huic
592 2836 731 2881 speciei
758 2846 841 2870 esse
867 2835 1019 2877 tributa,
1052 2845 1135 2868 cum
1163 2833 1325 2878 speciem
1353 2834 1640 2877 praecedentem

115 2891 381 2940 (apae-hylam
398 2895 522 2940 Tayl.)
551 2907 636 2930 cum
654 2897 723 2931 hac
746 2895 997 2939 comparando
1022 2893 1266 2938 pluribusque
1292 2892 1407 2936 signis
1434 2893 1480 2927 ab
1508 2892 1639 2927 eadem

116 2951 381 2997 distinguendo
395 2954 660 3000 amphigastria
674 2956 780 2991 alteri
796 2965 879 2990 esse
894 2953 997 2989 alteri
1014 2954 1145 2988 deesse
1160 2956 1289 2988 auctor
1301 2963 1375 2988 non
1390 2952 1637 2989 adnotaverit.
