1824 3252
208 197 283 232 692
860 193 1111 239 Lophocolea.

310 310 470 346 Habitat
503 309 542 344 in
570 307 724 343 Mexico
758 307 807 342 ad
833 308 981 344 Lobani
1007 309 1045 343 in
1080 312 1180 344 terra
1207 310 1351 345 turfosa
1375 310 1575 355 (Liebman
1601 312 1639 348 in
1668 313 1747 349 Hb.

207 371 360 417 proprio
385 375 422 406 et
449 370 538 414 G.);
564 379 585 403 e
612 367 813 403 Columbia
841 369 951 404 adest
975 369 1014 403 in
1042 369 1118 404 Hb.
1147 369 1322 405 Muelleri
1350 372 1421 405 sub
1448 383 1485 406 n.
1513 375 1572 408 33.

304 430 413 466 Folia
444 428 630 472 rigidula,
679 429 830 463 caulina
868 430 1132 473 conniventia,
1181 441 1309 466 ramea
1344 432 1559 468 madefacta
1596 444 1750 480 quoque-

208 491 398 532 secunda,
432 489 581 533 longius
607 488 810 533 cuspidata
836 500 949 534 quam
976 489 1014 524 in
1041 491 1086 526 L.
1113 489 1311 526 bidentatae
1334 504 1409 527 var.
1437 494 1641 540 cuspidata,
1667 493 1746 528 sere

206 556 251 585 ut
275 551 313 585 in
342 550 386 584 L.
410 549 557 583 minoris
589 559 669 584 var.
698 550 733 591 β,
770 559 792 583 a
818 560 893 594 qua
920 550 1044 584 differt
1070 556 1216 587 statura
1241 552 1400 595 maiore,
1430 553 1528 588 foliis
1555 555 1747 598 secundis,

206 610 484 655 amphigastriis
526 609 758 653 longioribus
775 636 784 651 ,
828 621 1011 655 compage
1046 611 1137 646 laxa
1184 616 1221 647 et
1261 617 1405 647 tenera.
1473 612 1747 660 Amphiyastrz‘a

205 671 337 715 patula
363 671 421 705 vel
449 670 676 712 subretlexa,
703 670 893 714 elongata,
919 671 1099 716 pleraque
1127 676 1229 707 recta
1249 673 1307 707 vel
1327 673 1621 717 incurviuscula,
1648 685 1748 709 non-

204 731 295 765 nihil
322 730 569 775 divergentia.

205 828 241 863 p.
271 819 351 855 160.
426 819 481 851 16.
509 815 846 861 Lophocolew
873 816 1191 852 eliadewnata
1218 816 1376 851 Hooker
1395 818 1480 862 jun.
1507 823 1544 852 et
1569 818 1720 863 Taylor.

302 892 347 925 L.
375 890 475 925 caule
501 888 649 936 implear]
668 894 848 935 prostrato
874 887 1091 934 complanato
1115 901 1200 934 vaye
1224 902 1372 931 ramoso,
1387 890 1495 935 foliis
1512 891 1747 937 subcontiyuis

199 951 400 1000 patentibus
435 948 723 994 ovato-oblonyc's
758 949 987 993 emciryinatis
1019 951 1202 994 seqmentis
1235 951 1438 984 divaricatis
1468 952 1745 999 qainiformibu&

204 1013 466 1060 amplciyastriis
498 1010 708 1056 quadr-{siclis
738 1009 918 1054 seymentis
955 1008 1162 1052 linearibus,
1189 1011 1390 1057 per-ianthio
1424 1011 1602 1046 terminali
1634 1011 1746 1058 cylin-

203 1071 505 1117 ‹lraeeo-oblonyo
533 1072 703 1117 triquetro
730 1069 874 1104 trialato
906 1070 972 1104 alis
995 1070 1146 1105 dentatis
1180 1070 1343 1105 bilabiato
1377 1070 1497 1106 ciliato
1532 1071 1622 1107 labio
1653 1071 1746 1118 infe-

202 1134 297 1168 riore
322 1133 474 1179 lonfflore
500 1132 618 1177 bfficIO.

396 1194 668 1237 Jungermanuia
697 1192 893 1224 diademata
923 1190 1025 1237 Tayl.
1046 1191 1139 1238 Hep.
1163 1191 1251 1226 Nov.
1281 1191 1448 1226 Zeeland.
1476 1198 1539 1227 etc.
1565 1193 1603 1227 in
1630 1192 1745 1227 Lond.

484 1252 613 1287 Jowvz.
647 1252 691 1297 of
717 1251 784 1285 bot.
830 1253 934 1286 1844.
967 1263 1004 1296 p.
1031 1254 1116 1286 560.
1150 1264 1186 1286 n.
1219 1255 1272 1286 10.
1340 1251 1463 1287 Raoul
1487 1252 1601 1287 Flora
1628 1253 1746 1288 Novae

488 1311 695 1347 Zeelamliae
718 1324 756 1357 p.
782 1314 841 1346 35.

302 1373 465 1408 Habitat
491 1372 528 1407 in
559 1372 669 1406 Nova
697 1371 915 1406 Zeelandia.

302 1432 498 1477 Caespites
526 1437 670 1475 tenues,
698 1432 910 1476 complures
937 1431 1092 1476 pollices
1120 1432 1208 1474 lati,
1236 1432 1377 1477 pallide
1403 1433 1556 1469 sordide
1582 1433 1744 1469 olivacei

204 1492 351 1527 coloris.
404 1492 534 1527 Caulis
560 1493 762 1537 pollicaris,
791 1491 883 1526 rami
911 1491 1043 1536 pauci,
1069 1496 1256 1536 patentes.
1308 1493 1414 1527 Folia
1441 1495 1505 1528 vix
1531 1494 1743 1537 imbricata,

202 1552 241 1587 in
268 1553 399 1588 eodem
427 1554 542 1598 plano
570 1554 665 1595 sita,
702 1553 888 1597 oblonga,
924 1551 1094 1596 margine
1133 1554 1318 1587 anteriore
1344 1553 1468 1588 medio
1494 1555 1621 1598 paullo
1658 1566 1743 1589 am—

202 1613 342 1657 pliat0;
394 1614 598 1658 segmentis
637 1614 748 1648 valde
784 1612 1022 1655 divaricatis,
1067 1612 1152 1646 sinu
1191 1613 1349 1655 obtuso,
1399 1614 1545 1648 cellulis
1580 1614 1740 1657 magnis.

201 1672 473 1720 Amphiyastria
508 1673 545 1707 in
582 1677 744 1718 quatuor
781 1679 975 1717 segmenta
1011 1676 1162 1707 setacea
1195 1673 1434 1718 integerrima
1472 1675 1572 1710 fissa.
1636 1674 1742 1709 Folia

199 1733 434 1768 incolum-alia
449 1733 647 1776 erectiora,
675 1733 822 1776 latiora,
844 1733 1013 1777 margine
1035 1733 1231 1776 undulato,
1253 1734 1442 1769 interdum
1458 1734 1740 1779 paucidentata.

202 1793 460 1828 Pet-ianthinm
494 1794 946 1839 oblongo-triquetrum,
982 1794 1203 1839 plerumque
1239 1794 1450 1837 trialatum,
1497 1794 1566 1829 alis
1599 1794 1742 1830 fortiter

201 1853 378 1896 dentatis,
411 1865 475 1890 ore
504 1855 659 1899 pulchre
686 1853 886 1895 fimbriato,
914 1853 1116 1897 bilabiato,
1144 1854 1245 1888 labio
1274 1855 1392 1890 altero
1419 1855 1534 1889 multo
1560 1855 1741 1899 longiore.

204 1914 355 1961 Capsala
381 1916 556 1959 oblonga,
583 1916 621 1949 in
648 1915 819 1950 valvulas
846 1918 869 1949 4
889 1915 1074 1959 ellipticas
1092 1914 1302 1950 dehiscens.
1346 1915 1515 1949 Elateres
1535 1920 1573 1949 et
1599 1916 1742 1950 semina

200 1978 243 2008 ut
269 1975 399 2010 solent.
451 1975 714 2020 Inflorescentia
739 1975 894 2008 mascula
920 1975 957 2009 in
985 1974 1109 2009 medio
1135 1985 1261 2016 ramo3
1283 1975 1382 2020 folia
1402 1975 1634 2021 periyonialia
1667 1976 1741 2010 im-

200 2034 360 2075 bricata,
401 2035 586 2079 adpressa
622 2040 770 2075 erecta,
809 2034 891 2067 basi
927 2033 1160 2076 ventricosa,
1199 2034 1306 2078 apice
1341 2045 1562 2079 squarrosa;
1602 2035 1739 2082 ampliz·-

196 2095 334 2140 yastria
355 2094 590 2140 pet-iyotzictlia
616 2095 838 2138 plerumque
858 2094 971 2128 bifida
999 2098 1036 2128 et
1061 2095 1188 2128 minus
1209 2095 1418 2138 composita
1440 2105 1553 2140 quam
1575 2096 1739 2132 caulina.

299 2154 457 2189 Accedit
483 2156 577 2190 haec
604 2155 652 2189 ad
680 2155 791 2200 Loplt.
820 2154 1054 2196 biclentatam,
1090 2165 1112 2188 a
1146 2165 1221 2201 qua
1256 2154 1380 2188 differt
1415 2158 1559 2189 statura
1584 2154 1739 2198 minore,

200 2213 298 2249 foliis
325 2215 548 2259 profundius
574 2214 673 2250 fissis
701 2214 978 2259 segmentisque
1006 2214 1251 2258 longioribus,
1280 2213 1560 2258 amphigastriis
1582 2214 1737 2259 quadri-

201 2273 286 2308 fidis
313 2273 586 2319 integerrimis,
622 2275 834 2320 perianthio
862 2276 963 2309 alato
988 2275 1028 2315 (a
1055 2274 1184 2309 formis
1210 2274 1449 2319 vulgaribus)
1478 2278 1513 2308 et
1539 2274 1744 2319 praecipue

201 2334 385 2370 labiorum
415 2336 574 2370 duorum
601 2335 883 2380 inaequalitate.

200 2443 237 2476 p.
269 2435 350 2467 162.
599 2435 659 2467 21.
697 2432 1031 2476 Lophocolea
1056 2430 1351 2475 Iti-spinosa.

200 2491 311 2526 Adde
338 2491 452 2535 Syn.:
489 2492 631 2526 Hooket·
658 2492 883 2539 Cryptoyam.
910 2498 1061 2525 amaret.
1082 2504 1122 2537 p.
1149 2494 1209 2526 41.
1236 2504 1271 2524 η.
1301 2493 1361 2525 30.
1389 2496 1414 2524 t.
1440 2490 1553 2536 64.f.
1580 2495 1615 2526 7.

200 2597 239 2630 p.
265 2589 345 2620 162.
639 2591 699 2623 22.
741 2587 1075 2632 Lophocolea
1102 2588 1266 2622 lenta.

201 2645 310 2680 Adde
338 2645 502 2690 Synom:
559 2648 692 2695 Taylor
719 2648 852 2695 Hepat.
881 2654 1031 2682 antarct.
1065 2647 1104 2681 in
1141 2646 1254 2682 Lond.
1290 2645 1419 2679 Journ.
1452 2645 1497 2691 qf'
1521 2644 1587 2680 bot.
1634 2648 1738 2681 1844.

340 2720 380 2753 p.
406 2710 490 2742 562.
528 2720 563 2742 η.
599 2711 656 2743 13.
689 2714 723 2741 et
750 2720 790 2754 p.
825 2710 908 2743 579.
943 2720 980 2742 n.
1010 2710 1066 2753 11,
1130 2707 1272 2741 Hooker
1298 2705 1522 2752 Cryptoyam.
1555 2706 1739 2742 antarctie.

344 2779 381 2812 p.
408 2770 467 2801 41.
493 2780 528 2802 η.
555 2770 613 2801 31.
667 2767 791 2802 Raoul
813 2768 928 2802 Flora
955 2767 1075 2801 Novae
1101 2756 1306 2800 Zeelamliae
1324 2778 1362 2811 p.
1389 2768 1448 2800 35.

298 2827 461 2862 Habitat
487 2827 601 2862 etiam
627 2827 663 2862 in
694 2827 802 2862 Nova
830 2826 1037 2861 Zeelandia
1064 2830 1102 2860 et
1126 2825 1164 2860 in
1190 2826 1306 2859 Terra
1332 2835 1405 2859 van
1433 2823 1605 2859 Diemen.

204 2927 242 2959 p.
271 2918 351 2952 163.
593 2920 653 2952 23.
687 2916 1023 2962 Lophocolea
1042 2915 1364 2959 perpassum.

202 2975 312 3011 Adde
339 2976 453 3021 Sym:
482 2976 626 3012 Hooker
654 2976 877 3025 Cryptoqam.
906 2983 1057 3012 nutaret.
1078 2989 1119 3024 p.
1146 2980 1204 3013 42.
1233 2989 1268 3012 η.
1295 2979 1354 3012 32.
1382 2982 1407 3012 t.
1434 2976 1493 3011 64.
1508 2971 1548 3019 s.
1574 2974 1610 3008 9.
