1824 3252
915 224 1040 256 xxll

315 351 372 384 35.
424 343 858 390 Omphalanthus.
900 342 1150 385 Monogynus.
1187 339 1405 375 Perianthia
1430 340 1469 375 in
1497 342 1609 376 ramis
1635 343 1728 378 late-

222 410 326 450 ralia,
353 407 501 447 seriata,
528 403 704 445 secunda,
730 400 959 441 subsessilia,
992 399 1174 435 obconica
1200 399 1256 433 vel
1284 399 1571 444 subcylindrica,
1597 402 1731 441 laevia,

221 467 358 500 vertice
391 467 543 507 obtuso,
577 473 640 497 ore
677 461 888 506 subplicato
923 459 1097 493 dentibus
1121 457 1477 493 inflexo-involutis
1502 460 1730 495 dehiscente.

220 525 404 560 Involueri
450 523 536 558 folia
571 521 728 555 caulinis
766 518 1059 559 subconformia‚
1105 518 1261 552 minora.
1327 518 1493 562 Capsula
1529 529 1646 563 usque
1683 519 1730 552 ad

219 585 378 618 medium
404 581 558 622 4-fida‚
594 579 712 614 valvis
747 577 1038 612 conniventibus
1075 577 1182 621 apice
1209 577 1496 621 elaterophoris,
1528 578 1731 612 elateribus

217 643 358 678 erectis.
411 639 645 674 Ramista-atio
680 637 931 681 irregulariter
964 636 1130 680 pinnata.
1191 636 1297 670 Folia
1338 636 1419 670 basi
1466 638 1598 671 subtus
1635 639 1727 672 sub-

217 699 703 742 demumst-complicata,
729 697 895 731 obsolete
922 695 1099 730 lobulata.
1151 695 1430 740 Amphigastria
1455 697 1551 738 lata,
1584 697 1730 741 integra

215 762 271 795 ver
299 759 421 794 bifida.
465 769 499 802 p.
526 759 596 791 303
620 776 667 781 -
692 759 775 790 308.
815 757 872 800 (p.
898 759 970 790 745
995 775 1041 781 --
1065 756 1175 798 748.)

307 834 365 865 36.
415 827 691 873 Lejeum‘a.
743 827 971 871 Monogyna.
1023 827 1280 860 Perianthium
1317 825 1356 861 in
1392 827 1545 861 ramulis
1577 828 1729 862 laterale

214 891 269 924 vel
296 889 342 922 ad
369 888 527 932 speciem
554 886 769 927 terminale,
803 886 911 920 ovale
939 891 1003 920 aut
1029 886 1251 929 oblongum,
1286 891 1382 920 teres
1410 887 1467 920 vel
1495 888 1728 931 angulosum,

213 959 330 993 neque
364 958 450 981 vero
485 947 692 990 aequaliter
726 946 963 990 depressum,
1010 956 1129 990 neque
1165 956 1438 990 compressum,
1478 957 1591 990 saepe
1624 947 1728 982 vario

211 1009 318 1042 ruodo
353 1007 489 1040 alatum
516 1006 778 1045 cristatumve,
816 1016 878 1039 ore
905 1004 1051 1039 trilobo.
1104 1005 1292 1039 Involucri
1326 1005 1413 1040 folia
1438 1006 1537 1041 foliis
1562 1008 1724 1041 subcon-

210 1067 351 1102 t'ormia.
403 1065 567 1110 Capsula
593 1070 733 1104 tenera,
770 1064 923 1107 pallida,
960 1075 1076 1109 usque
1103 1065 1150 1098 ad
1177 1064 1339 1098 medium
1365 1065 1516 1107 4-fida,
1554 1065 1726 1105 valvulis,

209 1124 492 1161 conniventibus
520 1124 625 1167 apice
652 1123 933 1167 elateroplroris,
959 1123 1162 1158 elateribus
1188 1123 1334 1159 erectis.
1375 1124 1617 1158 Pedunculus
1644 1131 1727 1168 post

209 1184 495 1218 exsiccationem
532 1183 707 1216 nodosus.
760 1182 994 1216 Rarnificatio
1022 1182 1243 1216 fasciculata
1270 1183 1327 1216 vel
1354 1183 1588 1226 irregularis,
1626 1183 1725 1216 laxa.

210 1243 313 1277 Folia
340 1243 469 1276 subtus
496 1242 632 1275 inflexa
660 1242 716 1276 vel
744 1241 923 1276 lobulata.
975 1241 1256 1284 Amplrigastria
1281 1243 1337 1276 vel
1354 1242 1466 1276 bifida
1487 1243 1544 1277 vel
1568 1243 1724 1287 integra.

213 1303 369 1336 Plantae
420 1301 654 1344 rupincolae‚
711 1300 930 1341 cortioolae,
989 1300 1191 1342 foliicolae,
1249 1312 1388 1345 parvae
1447 1302 1504 1335 vcl
1553 1302 1724 1346 exiguae.

209 1372 243 1404 p.
269 1364 338 1395 308
364 1380 409 1385 —-
434 1363 515 1394 406.
544 1361 593 1403 (p.
620 1363 690 1394 748
716 1380 762 1384 --
788 1363 889 1403 770.)

301 1434 358 1465 37.
392 1431 691 1465 Frullania·
739 1430 1022 1474 Di-tetragyna.
1060 1432 1316 1466 Perianthium
1342 1431 1379 1466 in
1407 1432 1550 1466 ramulo
1576 1433 1725 1476 proprio

208 1490 419 1531 terminale,
457 1500 538 1523 raro
573 1494 690 1530 teres,
727 1489 966 1533 utplurimum
995 1491 1067 1524 tri·
1084 1492 1138 1525 vel
1165 1496 1422 1535 tetragonum,
1447 1491 1556 1526 dorso
1582 1503 1720 1526 conve-

201 1549 372 1583 xiusculo
399 1548 741 1592 uni-plurisulcato‚
770 1554 896 1583 ventre
924 1550 1157 1584 uniearinato
1183 1550 1311 1584 carina
1340 1553 1589 1592 1-2—costata,
1616 1552 1721 1586 laeve

202 1608 259 1640 vel
287 1608 579 1649 tuberculaturn,
618 1608 724 1652 apice
760 1609 1073 1644 tnucrouulatuur.
1125 1609 1312 1644 Involucri
1347 1609 1434 1644 folia
1465 1613 1572 1652 2--6,
1607 1622 1720 1655 saepe

201 1664 396 1701 difformia.
446 1667 609 1711 Capsula
636 1678 754 1712 usque
782 1668 829 1701 ad
857 1668 1019 1703 medium
1047 1670 1188 1711 4-fida,
1225 1669 1384 1704 valvulis
1418 1669 1720 1713 patulo-erectis

204 1736 224 1758 a
258 1725 378 1760 medio
412 1726 698 1770 elaterophoris,
743 1727 943 1762 elateribus
978 1729 1124 1764 erectis.
1176 1728 1413 1763 Ramificatio
1447 1729 1623 1773 pinnata,
1659 1730 1716 1763 vel

202 1785 420 1827 plumulosa.
472 1786 576 1820 Folia
617 1787 751 1821 subtus
788 1787 1017 1829 auriculata,
1060 1789 1185 1824 lobulo
1219 1800 1332 1833 saepe
1366 1788 1506 1823 inflato.
1558 1786 1714 1831 Amphi-

202 1845 339 1885 gastria
357 1850 467 1879 ovata
480 1846 536 1879 vel
552 1846 773 1887 orbiculata,
798 1847 985 1891 plerisque
1007 1848 1129 1883 bifida.
1157 1850 1406 1892 p.408—466.
1432 1848 1719 1891 (9.770-ἳ85.)

424 1939 680 1983 Henricyclum
719 1941 771 1975 11.
821 1940 1128 1977 Frondosae.
1181 1952 1216 1985 p.
1243 1944 1312 1975 467
1340 1961 1386 1966 —
1411 1945 1495 1976 507.

580 2046 809 2087 Subtribus
844 2046 881 2088 Ι.
943 2045 1326 2092 codonieae.

294 2136 457 2170 Frondes
485 2138 539 2171 vel
567 2138 1104 2184 soliaceo-pinnati-partitae,
1138 2140 1195 2174 vel
1221 2140 1344 2174 saltim
1372 2140 1408 2174 in
1435 2142 1616 2186 superiori
1644 2154 1715 2186 pa—

199 2193 286 2235 gina
311 2194 490 2237 pinnatim
518 2197 740 2232 lamellatae.
794 2199 953 2233 Plantae
980 2199 1188 2239 terricolae,
1216 2199 1441 2244 limopbilae.
1467 2212 1502 2245 p.
1519 2204 1712 2236 467-473.

292 2267 351 2299 38.
403 2267 819 2304 Fossombronia.
870 2269 1131 2304 Perianthiurn
1159 2271 1464 2314 campanulatum
1491 2282 1554 2305 ore
1578 2273 1712 2316 amplo,

199 2332 248 2354 ex
273 2323 452 2357 terminali
478 2325 624 2360 demum
652 2328 811 2364 dorsale.
863 2329 1028 2374 Capsula
1054 2329 1307 2372 irregulariter
1339 2330 1475 2365 4-fida.
1525 2332 1713 2366 Antherae

199 2380 381 2423 dorsales,
403 2383 536 2419 nudae.
589 2386 756 2421 Frondes
795 2387 842 2422 ad
869 2389 1031 2433 speciem
1058 2387 1249 2432 pinnatae,
1285 2394 1467 2433 repentes.
1509 2401 1545 2433 p.
1572 2393 1642 2425 467
1668 2410 1713 2414 —

198 2441 280 2473 469.
331 2441 381 2483 (p.
408 2444 506 2486 785.)

292 2512 350 2544 39.
399 2512 809 2561 Andron-muntia.
866 2517 1348 2563 Per-ianthiunrterminale,
1374 2519 1709 2563 bi-quadrilobum.

199 2567 362 2609 Capsula
406 2571 657 2612 quadrivalvis
697 2580 761 2609 aut
808 2577 1061 2620 irregulariter
1104 2589 1291 2622 rumpens.
1354 2578 1543 2612 Antberae
1585 2585 1711 2614 costae

198 2625 308 2659 dorso
341 2626 550 2671 immersae,
587 2635 883 2675 protuberantes.
935 2636 1100 2671 Frondes
1128 2637 1317 2679 furcatae,
1343 2636 1710 2682 pinnati-partitae,

199 2689 380 2726 repentes.
420 2697 454 2729 p.
482 2691 551 2724 470
575 2708 620 2715 —
645 2695 727 2726 471.

252 2754 258 2761 '
290 2758 348 2788 40.
398 2757 844 2807 Petalophylluvn.
916 2766 1175 2801 Periantbium
1225 2766 1395 2808 dorsale,
1453 2765 1709 2809 infraapicale,

197 2813 742 2863 quadrato-campanulatum,
777 2835 839 2858 ore
873 2826 996 2868 amplo
1023 2831 1151 2870 aperto
1177 2826 1371 2861 undulato.
1424 2825 1589 2869 capsula
1614 2823 1707 2858 irre-

198 2871 371 2917 gulariter
396 2874 601 2910 dehiscens.
652 2880 837 2915 Anthcrae
864 2883 1030 2919 dorsales
1059 2890 1293 2929 aggregatae.
1345 2885 1463 2920 Frons
1490 2884 1636 2925 lobata,
1671 2884 1708 2916 in

198 2927 305 2962 dorso
332 2930 526 2968 lamellata.
578 2946 614 2978 p.
642 2940 707 2972 471
736 2957 781 2964 --
808 2944 889 2976 473.

1746 1348 1765 1365 4
