1824 3252
745 202 1050 247 Jungermannia.
1608 208 1653 238 93

216 319 249 357 β,
277 316 408 357 nzinor,
444 317 533 348 foliis
561 318 668 360 magis
696 316 845 360 obliquis
873 319 986 349 miuus
1015 315 1185 349 undulatis
1212 316 1465 359 pallidioribus,

413 374 460 409 N.
487 374 528 408 ab
557 374 604 409 Ε.
630 376 654 410 l.
682 387 711 408 c.

409 436 676 476 Juugermannia
705 434 981 467 Schmiedeliana
1012 432 1123 467 Tloed.
1151 433 1264 467 Muse.
1292 433 1392 468 Suec.
1420 445 1487 468 ems.
1516 433 1564 472 V,
1584 433 1653 467 VI.

466 493 501 516 n.
534 484 611 516 137.
664 481 810 515 Hartm.
839 480 902 514 Fl.
930 480 1001 513 ΙΙΙ.
1027 491 1062 524 p.
1089 483 1172 515 318.
1199 492 1234 514 n.
1261 483 1314 515 17.

206 550 242 579 Ὺ,
268 542 440 580 colorata,
468 542 620 572 varietati
647 542 668 581 β
695 542 826 578 similis,
853 540 913 571 sed
941 541 1058 572 colore
1088 541 1382 584 fusco-purpureo
1411 542 1562 583 insignis.

413 599 461 633 N.
487 598 529 632 ab
555 598 603 634 E.
630 600 655 633 l.
682 611 708 633 c.

158 700 165 702 -
207 658 236 698 δ,
270 661 383 691 Ramis
410 659 582 690 sterilibus
611 657 785 701 elongatis.

412 706 459 739 N.
486 705 527 738 ab
555 705 601 738 E.
627 706 651 739 l.
679 717 706 738 c.

230 764 390 799 Habitat
416 764 505 797 locis
532 764 712 798 montosis
739 762 948 807 sylvaticis‚
988 763 1205 807 praesertim
1234 763 1280 797 ad
1309 763 1451 797 viarum
1479 772 1654 797 cavarum

134 824 307 868 parietes,
335 824 413 857 solo
441 823 588 856 silicoso
613 823 659 856 ad
687 826 836 862 terram,
864 822 977 856 totius
1002 823 1188 866 Europae,
1217 833 1238 855 a
1258 822 1447 866 Norvegia
1475 833 1592 867 usque
1618 822 1654 856 in

137 883 304 916 Italiam:
336 882 372 914 in
399 881 512 924 sylvis
538 891 654 924 prope
680 881 937 914 Mediolanum
964 881 1120 925 (Cesati,
1150 882 1207 915 De
1236 881 1399 922 Notaris,
1435 882 1472 916 in
1499 882 1655 916 collibus

132 941 446 979 TaurinensibuS,
484 940 542 973 De
571 939 768 982 Notafis),
809 939 845 972 in
873 939 1108 983 Peloponeso
1146 939 1273 984 (Bory
1309 940 1355 975 de
1383 941 1438 975 St.
1463 940 1654 984 Vincent).

136 1001 178 1034 In
225 1000 356 1034 Insula
392 999 553 1033 Canaria
592 1009 675 1032 curn
719 998 942 1032 Fimbriaria
980 999 1149 1044 africana
1198 999 1339 1042 (Webb
1381 1005 1417 1034 et
1454 1000 1656 1041 Berthelot,

138 1060 211 1093 Hb.
240 1061 321 1102 Μ).

366 1130 424 1163 38.
474 1130 908 1174 Ιιιηῃθνηιαφυιὶα
940 1130 1331 1173 sphaerocarpa
1359 1130 1435 1164 Hk.

227 1187 265 1221 J.
291 1187 386 1221 caule
411 1194 550 1234 repente
574 1189 669 1234 apice
693 1190 917 1223 adscendente
942 1188 1156 1235 subsimplici
1180 1190 1331 1229 virente,
1355 1188 1462 1234 foliis
1487 1189 1651 1222 senn'ver-

132 1247 290 1281 ticalibas
314 1247 477 1292 riyidalis
502 1247 701 1282 orbiculatis
724 1248 996 1293 submaryinatis
1032 1248 1166 1293 oblique
1194 1248 1394 1294 patentibus
1429 1248 1501 1282 basa·
1526 1248 1656 1282 dorsali

133 1307 393 1340 decurrentibus
413 1306 546 1352 pallide
571 1307 759 1349 viridibus,
793 1307 1061 1342 involacralt'bus
1086 1307 1262 1348 discretis,
1294 1308 1494 1353 periantltio
1522 1316 1655 1342 eoeserto

134 1365 428 1411 obturato-oblonyo
454 1378 511 1399 ore
535 1367 746 1412 quadrifido,
773 1367 914 1413 capsula
939 1367 1129 1412 sphaerica.

327 1427 594 1468 Juugermauuia
623 1428 874 1470 sphaerocarpa
903 1427 951 1461 Ν.
977 1426 1019 1459 ab
1045 1426 1093 1462 Ε.
1117 1426 1212 1469 Hep.
1242 1426 1334 1460 Eur.
1362 1426 1393 1460 Ῑ.
1414 1437 1451 1469 p.
1469 1430 1552 1466 326,
1571 1430 1654 1461 279.

411 1473 485 1506 III.
509 1483 545 1516 p.
562 1476 644 1507 534.
673 1473 742 1507 IV.
766 1484 798 1517 p,
818 1474 903 1509 XL.
952 1473 1064 1508 Hoolt.
1081 1473 1304 1518 Br·it.J1‹n9.
1333 1477 1429 1508 t.74.
1472 1474 1653 1509 Emsiccat.

414 1520 536 1565 IlIouy.
563 1528 594 1554 ec
624 1521 734 1555 Nestl.
763 1521 819 1555 St.
846 1534 896 1556 cr.
928 1521 1151 1566 Voy.-Rlcen.
1179 1522 1248 1555 VI.
1274 1534 1309 1555 n.
1335 1524 1417 1555 529.

325 1581 588 1622 Jungermaunia
617 1582 752 1612 scalaris
780 1580 918 1614 Funck.
945 1591 995 1614 cr.
1024 1580 1120 1613 Gew.
1147 1579 1223 1614 XI.
1250 1592 1285 1615 η.
1313 1583 1396 1614 240.

233 1641 287 1680 0²*-
339 1638 457 1672 Caule
500 1637 618 1679 magis
661 1638 834 1681 elongato
884 1641 921 1671 et
960 1639 1250 1682 procumbente,
1297 1638 1394 1672 foliis
1437 1639 1654 1682 regulariter

135 1695 274 1730 dissitis
301 1696 418 1739 magis
445 1696 658 1740 obliquatis,
685 1696 873 1740 plerisque
901 1697 1006 1740 apice
1033 1697 1179 1737 retusis,
1207 1697 1502 1740 perigonialibus
1529 1698 1649 1732 mino-

135 1755 236 1788 ribus
270 1754 442 1789 concavis
475 1754 950 1798 emarginato-bidentulis
984 1755 1190 1789 imbricatis
1225 1756 1320 1790 infra
1357 1755 1499 1800 apicem
1535 1756 1653 1790 caulis

135 1813 334 1857 dispositis.

205 1874 239 1912 β,
262 1873 511 1917 9raciloecens,
552 1875 718 1915 elongata,
745 1875 839 1917 apice
866 1877 975 1907 semel
1002 1876 1160 1909 surcatim
1189 1875 1315 1914 divisa,
1341 1875 1531 1914 suberecta,
1564 1874 1652 1906 foliis

277 1921 523 1953 lutescentibus
551 1921 830 1953 subdistautibus.

229 1978 389 2012 Habitat
405 1978 495 2013 locis
521 1978 703 2022 argillosis
725 1979 964 2023 arenosisque
981 1979 1217 2021 Germaniae,
1238 1979 1469 2023 Britanniae,
1492 1980 1651 2015 Galliac.

347 2054 406 2085 39.
456 2051 894 2096 Junyermannv'a
920 2051 1219 2097 altus-simion
1246 2051 1292 2084 N.
1322 2050 1368 2084 ab
1395 2050 1439 2083 E.

227 2109 265 2142 J.
294 2110 390 2143 caule
414 2115 552 2155 repente
576 2110 671 2155 apice
696 2111 919 2144 adscendente
943 2110 1094 2156 simplici
1119 2110 1216 2155 infra
1241 2111 1373 2155 apicem
1389 2108 1532 2143 subinde
1552 2109 1650 2142 inno-

134 2174 232 2201 vante
259 2169 391 2202 virente
413 2167 587 2212 riyidnlo,
612 2168 719 2213 foliis
744 2168 1027 2204 subverticalibus
1060 2168 1262 2203 orbiculatis
1292 2168 1548 2212 immargsinatis
1572 2179 1651 2200 eon-

133 2227 224 2260 cavis
255 2227 389 2272 oblique
417 2226 551 2272 patulis
585 2227 661 2261 basi
686 2227 816 2261 dor-sali
841 2228 979 2274 inflexis
1006 2227 1140 2274 pallide
1163 2227 1350 2269 viridibus,
1385 2225 1653 2260 involueralibns

132 2286 288 2319 discretis
319 2277 549 2331 conformibus
567 2286 807 2331 periantltinm
832 2287 1119 2333 subaeqnantibus
1137 2286 1292 2333 patulis,
1325 2286 1526 2331 periantlaio
1543 2297 1652 2331 parvo

132 2343 272 2389 oblonyo
296 2344 428 2390 apicem
453 2356 569 2378 versus
594 2344 708 2379 obtuse
733 2346 1022 2391 quomunculam,
1049 2347 1187 2393 capsula
1210 2345 1461 2391 subsplzaerica.

321 2403 588 2445 Jungermannia
615 2415 650 2438 n.
684 2406 786 2440 1392.
838 2405 952 2440 Herb.
979 2406 1104 2452 AbySS·
1134 2405 1204 2439 Un·
1231 2405 1270 2437 1⁴!-

324 2461 487 2495 Gottsclze
513 2461 566 2495 Ic.
596 2462 689 2505 Hep.
717 2463 808 2496 ined.

227 2518 482 2562 InAbyssinia
505 2521 550 2553 ad
572 2524 705 2554 terram
731 2522 858 2557 densis
870 2523 1097 2567 caespitibus
1109 2518 1649 2564 habitat(Hb.Hochst.ctN.).

227 2577 432 2612 Persinrilis
459 2583 515 2612 est
540 2579 840 2623 Janfsermanniae
860 2582 1141 2628 sphaerocarpae,
1170 2582 1235 2616 sed
1262 2582 1385 2614 differt
1410 2580 1506 2614 foliis
1532 2576 1649 2611 caulis

132 2635 261 2669 fertilis
298 2637 411 2670 dense
446 2638 623 2672 confertis
662 2639 782 2682 magis
822 2641 1084 2684 verticalibus,
1132 2641 1219 2674 retis
1257 2639 1412 2673 maculis
1446 2636 1648 2671 minoribus

132 2695 250 2737 magis
276 2695 554 2738 irregularibus,
583 2697 793 2741 perianthio
820 2699 934 2743 duplo
960 2700 1101 2734 minore
1127 2699 1289 2733 sectione
1316 2704 1526 2731 transversa
1553 2705 1645 2738 qua-

132 2753 356 2795 drangulari.
395 2755 590 2789 Caeterum
614 2761 650 2789 et
669 2761 811 2791 statura
829 2762 887 2792 est
904 2759 1101 2800 crassiore,
1128 2758 1285 2792 firmiore
1314 2757 1457 2799 (long.{
1476 2775 1491 2779 -
1511 2757 1526 2786 l
1546 2753 1649 2796 post)

132 2816 168 2845 et
195 2812 383 2846 radiculae
410 2815 564 2849 crebrae
591 2826 634 2848 ac
662 2815 806 2859 longae,
834 2817 1028 2851 candidae.

228 2870 512 2914 innovationes,
549 2873 614 2907 ubi
641 2874 789 2916 adsunt,
826 2886 844 2909 e
868 2876 983 2910 latere
1011 2876 1106 2909 infra
1134 2875 1275 2918 apicem
1304 2871 1529 2906 fructiferum
1558 2880 1644 2912 pra-

132 2931 355 2964 ficiscuntur.
411 2931 555 2967 Pistilla
582 2923 721 2967 sterilia
748 2935 821 2967 duo
849 2935 894 2968 ad
923 2935 1030 2969 basin
1059 2935 1249 2977 calyptrae
1273 2931 1406 2965 inveni.
