1824 3252
728 141 1024 185 Plagioclrasma.
1559 146 1628 176 513

119 258 401 297 circumdatum,
429 256 547 289 lineas
573 259 595 289 4
618 255 779 298 longum,
807 255 964 297 fuscum,
991 254 1164 296 tortilem,
1191 254 1374 294 striaturn,
1403 255 1508 299 apice
1535 260 1631 289 atte-

121 320 286 348 nuatum.
325 313 595 360 Receptaeulzmz
622 314 818 348 femineum
844 325 1016 359 parvum,
1041 314 1207 358 planum,
1231 314 1447 356 rugulosum
1472 314 1509 347 in
1536 326 1631 360 qua-

120 381 201 408 tuor
226 375 302 418 (vel
329 378 364 414 3,
391 377 425 414 2,
456 375 488 416 l)
525 373 604 407 abit
637 373 776 407 loculos
811 374 868 407 vel
903 373 1097 408 involucra
1131 372 1315 416 elliptica,
1351 384 1425 407 non
1462 373 1632 408 deorsum

119 433 347 476 spectantia,
374 432 440 465 sed
466 432 625 473 elevata,
652 432 795 465 inferne
822 432 932 466 dorso
959 432 1029 465 sibi
1056 432 1247 475 contigua,
1275 431 1499 465 verticaliter
1525 433 1631 467 dehi-

119 492 278 533 scentia,
306 491 564 534 integcrrima,
592 491 897 532 membranacea,
933 491 1061 533 fusca,
1096 492 1232 536 quibus
1258 493 1483 534 receptaculi
1508 491 1634 526 discus

118 551 170 583 ita
198 550 458 590 absconditur,
495 555 535 582 ut
560 554 720 593 quatuor
746 550 887 583 fructus
913 549 1099 593 segregati
1125 549 1258 583 adesse
1285 549 1494 585 videantur.
1545 552 1632 585 Pie-

122 620 276 654 rumque
303 610 395 643 haec
422 613 584 652 quatuor
610 609 797 642 fructuum
824 608 997 642 normalis
1030 608 1192 643 evolutio
1228 619 1299 643 non
1333 609 1536 652 invenitur,
1570 612 1635 645 sed

121 668 355 712 receptacula
374 667 543 711 dicarpa,
559 667 718 711 tricarpa
741 669 796 701 vel
814 678 1037 712 monocarpa
1056 671 1153 702 sunt.
1194 668 1237 700 In
1257 671 1384 701 centro
1398 667 1489 702 disei
1503 670 1635 704 subtus

120 729 217 761 inter
244 728 386 761 loculos
413 727 470 761 vel
499 727 639 760 fructus
668 726 824 760 barbula
852 737 996 770 semper
1023 726 1150 766 adest,
1188 737 1285 770 quae
1318 726 1519 769 pedunculi
1552 738 1634 761 cum

119 785 222 819 diseo
247 785 528 819 commissuram
547 784 764 818 circumdat.
807 785 891 818 Hae
917 785 1047 829 paleae
1071 784 1463 819 lanceolam-lineares
1488 786 1635 821 albidae

120 844 238 887 primo
265 848 480 877 recurvatae
508 845 785 886 receptaculum
812 843 937 877 iunius
964 843 1085 876 adhuc
1112 844 1424 887 epedunculatum
1443 843 1635 889 frondique

119 903 231 945 igitur
260 903 476 935 incumbens
497 901 542 934 ad
565 900 682 934 instar
701 901 838 934 indus-ii
861 902 1048 942 velabant,
1075 901 1234 935 subinde
1252 901 1463 945 pedunculo
1488 904 1635 939 sublato

118 961 336 1004 dependunt
376 964 413 993 et
467 958 600 993 loculis
639 960 791 993 tumidis
830 960 1111 994 obnubilantur.
1169 960 1361 993 Interdum
1397 973 1544 1006 quoque
1578 966 1634 998 vel

118 1019 267 1052 omnino
301 1018 378 1051 fere
413 1019 549 1051 desunt
583 1017 741 1051 laciniae
775 1019 860 1052 illae
900 1019 958 1052 vel
995 1019 1202 1052 crebriores
1235 1019 1495 1065 longioresque
1526 1023 1631 1057 inve-

119 1078 282 1111 niuntur.
334 1077 505 1123 Calyptra
532 1082 673 1118 tenera,
703 1077 850 1118 albida,
877 1077 1000 1111 medio
1025 1088 1202 1121 rumpens
1228 1083 1265 1112 et
1289 1078 1327 1111 in
1355 1079 1435 1113 basi
1461 1083 1635 1125 capsulae

120 1142 159 1169 ut
196 1147 324 1178 margo
371 1136 493 1169 tenuis
540 1135 683 1168 lacerus
732 1136 865 1178 partim
913 1136 1091 1180 capsulae
1140 1136 1372 1180 adglutinata
1418 1141 1634 1181 persistens.

120 1195 271 1241 Capsula
306 1195 472 1234 inclusa,
510 1194 744 1235 subsessffis,
778 1195 896 1235 flava,
936 1194 1188 1237 irregulariter
1223 1206 1244 1228 a
1277 1195 1414 1229 vertice
1448 1207 1632 1242 rumpens,

119 1255 187 1288 hoc
223 1259 323 1287 statu
363 1253 646 1297 campanulata,
688 1253 855 1296 margine
889 1255 1024 1286 lacera.
1087 1253 1231 1287 Semina
1270 1254 1477 1297 tetra'edra,
1515 1257 1632 1299 fusca,

118 1314 261 1347 cellulis
299 1312 596 1357 prominentibus
630 1301 789 1357 'asperam
838 1311 978 1344 elateres
1015 1311 1168 1354 minuti,
1212 1313 1408 1346 attenuati.
1476 1315 1631 1350 Inflore-

119 1370 261 1404 scentia
294 1372 461 1404 mascula
495 1370 720 1405 discisormis
755 1371 791 1405 in
827 1371 958 1404 eadem
992 1370 1120 1414 planta
1155 1370 1299 1414 apicem
1334 1371 1474 1407 frondis
1507 1385 1634 1409 versus

119 1430 279 1470 sessilis,
308 1430 471 1470 minuta,
503 1429 747 1469 orbicularis,
782 1429 1035 1463 crassiuscula
1060 1430 1476 1474 planoque-convexa,
1503 1433 1634 1467 subtus

116 1489 255 1523 ciliata.
307 1489 588 1532 (Lindenberg.)

210 1566 245 1596 2.
295 1560 714 1607 Flayiochasma
739 1559 1118 1594 intermedium
1143 1560 1263 1603 Ldbg.
1290 1563 1328 1593 et
1346 1560 1537 1598 Gottsche.

213 1621 274 1654 Pl.
290 1620 424 1665 fronde
456 1633 496 1653 ez·
527 1621 621 1665 apice
644 1620 826 1652 innovante
857 1617 997 1652 obaz-ata
1029 1617 1187 1662 elonyata
1216 1618 1335 1651 subtus
1367 1627 1632 1667 (ilt'opm'purea,

115 1681 265 1725 squamis
289 1678 502 1713 rentralibus
525 1679 635 1724 apicis
660 1678 852 1712 semiovatis
884 1677 1084 1722 (uni-bi-)
1119 1677 1390 1722 appemlc'culatz’s
1419 1683 1432 1721 (
1444 1681 1481 1712 in
1502 1682 1634 1724 fronde

113 1741 188 1785 ipsa
212 1739 387 1773 interdum
412 1736 608 1782 obsoletis),
631 1737 764 1782 fi·rwtu
797 1737 835 1769 in
855 1736 989 1780 simule
1019 1737 1130 1769 media
1151 1735 1352 1781 plerumque
1376 1738 1544 1780 solitario,
1572 1754 1631 1786 pe—

113 1797 259 1832 ‹lemculo
284 1798 357 1831 basi
375 1796 549 1842 paleaceo,
576 1794 782 1841 receptaculo
795 1794 950 1839 femineo
976 1793 1207 1841 2-3-ca7po
1231 1796 1348 1829 subtus
1372 1794 1523 1831 barbato.

305 1855 473 1888 Liebmcm
500 1855 576 1888 Iter
601 1855 779 1888 Mea-ioan.
806 1854 926 1887 incdit.

213 1913 321 1958 Apud
358 1914 555 1947 Hacienda
598 1914 645 1947 de
682 1914 804 1954 Fovo,
841 1912 1041 1947 Chinantla
1085 1917 1122 1945 et
1156 1912 1331 1946 Yavesea
1365 1915 1401 1948 in
1436 1916 1632 1953 altitudine

114 1976 134 2005 7
154 1993 168 1998 -
186 1975 279 2006 8000
305 1972 389 2016 ped.
417 1971 506 2014 legit
532 1973 576 2005 cl.
603 1972 798 2006 Liebman.

210 2032 369 2066 Frondis
409 2030 694 2071 articulatione‚
741 2030 937 2074 superficie
976 2041 1111 2074 porosa
1151 2035 1188 2064 et
1225 2032 1437 2066 subvenosa
1478 2034 1548 2069 hoc
1585 2038 1630 2070 ad

117 2091 220 2136 Play.
240 2092 417 2124 cordatum
442 2090 599 2131 accedit,
626 2091 689 2124 sed
719 2090 885 2124 articulis
911 2090 1153 2133 longioribus,
1181 2091 1299 2134 paleis
1318 2094 1632 2128 numerosioribus

114 2150 183 2183 sul)
211 2149 375 2193 capitulo
401 2154 437 2183 et
463 2149 500 2182 in
529 2149 609 2182 basi
638 2149 838 2192 pedunculi
866 2149 902 2183 in
931 2149 1054 2184 media
1080 2150 1210 2183 fronde
1247 2151 1344 2183 affixi
1372 2154 1631 2194 praesentibus

115 2209 206 2242 satis
238 2219 423 2252 superque
456 2207 656 2241 diversum.
722 2210 756 2242 A
791 2208 898 2253 Plus).
924 2208 1186 2254 appendic-ulam
1218 2209 1341 2243 colore
1373 2215 1410 2242 et
1439 2211 1631 2252 superficie

115 2267 232 2310 magis
258 2277 392 2310 perosa
417 2266 558 2300 frondis
584 2271 620 2300 et
647 2267 907 2302 articulatione
934 2268 1067 2301 differt.

330 2341 364 2370 3.
412 2338 825 2383 Playioelae=asma
848 2339 1264 2373 Roussele‘antmn
1293 2338 1411 2371 Mont.

212 2395 272 2429 Pl.
296 2394 430 2440 fmnde
458 2395 588 2441 pusilla
622 2395 688 2439 (ex
720 2397 814 2442 apic-e
838 2397 1041 2431 innovante?
1045 2398 1066 2442 )
1097 2397 1451 2431 obem-(Iato-czmeata
1483 2399 1632 2444 simplici

114 2454 230 2488 subtus
255 2460 537 2500 atro-purpurea,
562 2454 713 2499 squamis
735 2456 944 2489 venti—alibus
968 2456 1292 2495 orato-lanceolas,
1305 2456 1436 2500 sim-tu
1459 2458 1632 2502 injimede

115 2512 227 2545 media
262 2512 440 2555 solitario,
467 2513 659 2559 pedunculo
694 2513 888 2548 brevissimo
921 2515 993 2549 basi
1024 2517 1133 2556 nudo,
1167 2514 1375 2560 receptaculo
1412 2515 1496 2549 l-5
1505 2529 1631 2562 -carpo

114 2571 231 2604 subtus
257 2570 407 2605 barbato.

308 2631 563 2674 Plagiocliasma
590 2633 851 2664 Rousselianum
888 2632 1003 2666 Mont.
1037 2634 1074 2667 in
1099 2632 1232 2667 Amiszl.
1269 2635 1325 2666 des
1348 2634 1487 2666 scienees
1513 2639 1629 2667 natur.

391 2680 426 2710 2.
451 2677 562 2711 Se‘rie.
589 2678 641 2711 X.
671 2679 809 2723 (1838.)
832 2691 868 2724 p.
895 2682 977 2713 334.
1003 2693 1037 2714 n.
1070 2684 1146 2715 136.
1174 2688 1198 2713 t.
1224 2685 1257 2714 9.
1274 2680 1312 2725 f.
1343 2683 1372 2713 1.

213 2734 372 2769 Habitat
415 2737 452 2769 in
486 2737 647 2770 vallibus
681 2738 866 2771 umbrosis
899 2738 1196 2773 occidentalibus
1231 2738 1420 2782 Algeriae,
1461 2738 1630 2781 inprimis

119 2794 200 2827 loco
229 2793 457 2839 anijzzrealc
483 2795 582 2829 dicto
608 2800 645 2829 et
671 2806 743 2829 non
770 2797 927 2830 multum
960 2798 1008 2831 ab
1035 2799 1127 2832 urbe
1152 2797 1326 2837 distanti,
1363 2797 1408 2830 ad
1445 2797 1628 2840 margines

118 2852 260 2884 viarum
289 2851 465 2894 (Roussel
492 2854 528 2887 in
557 2855 632 2887 Hb.
658 2854 711 2889 M.
740 2860 777 2888 et
805 2855 870 2900 N.)

1236 2939 1286 2965 33
