1824 3252
192 219 266 251 732
837 211 1076 247 Madotheca.

293 328 454 364 Habitat
479 327 516 361 in
544 338 659 370 regno
685 325 890 362 Mexicano
917 327 1016 372 apud
1043 326 1224 369 Mirador,
1249 327 1314 361 ubi
1344 327 1461 372 Aprili
1493 330 1584 363 1842
1612 338 1632 361 a
1659 327 1729 362 cel.

194 389 404 425 Liebmano
431 388 528 421 lecta
555 390 624 420 est.

293 449 428 483 Differt
455 458 473 480 a
502 446 558 479 M.
588 445 764 480 Leiboldz':
801 446 897 481 foliis
926 446 1179 490 longioribus,
1213 445 1350 480 lobulis
1378 445 1730 491 amphigastriisque

195 507 370 543 omnibus
407 511 443 540 et
477 506 618 540 arctius
655 505 822 549 margine
857 507 1040 547 dentatis,
1083 507 1156 541 illis
1192 505 1494 550 angustioribus,
1530 505 1731 549 ampbiga-

195 568 370 602 striorum
396 578 471 601 non
499 567 752 601 revolutorum
778 567 908 601 forma.

195 661 232 694 p.
258 652 342 683 269.
469 652 513 683 12
536 648 570 682 d.
622 649 945 684 Madotheca
972 649 1164 693 alpina
1190 648 1309 692 Ldbg.
1338 651 1376 682 et
1402 645 1597 682 Gottsehe.

292 708 349 742 M.
389 707 486 741 caule
524 707 768 754 procumbente
817 709 1030 754 tripe'nnatO,
1068 708 1176 753 foliis
1213 709 1408 743 imbricatis
1451 707 1586 752 oblique
1621 706 1733 740 ovatis

194 768 352 812 maryine
376 769 541 814 repandis
574 768 771 814 subinfleais
796 769 890 814 apice
915 769 1140 803 obtusissimis
1180 769 1414 814 iuteyerrimis
1439 775 1471 802 et
1494 766 1735 812 subangjulatis

194 826 327 873 oblique
375 829 487 862 acutis
524 828 1038 863 truncato-bi-triclentatisve
1080 828 1153 863 basi
1197 830 1349 863 ventrali
1396 828 1632 873 iiztegyerrimis
1672 833 1733 860 aut

195 888 521 930 dentato-ciliatis,
561 888 671 922 lobulo
706 888 852 933 li'yulalo
876 888 1090 935 subrcptmdo
1117 889 1214 935 apice
1240 888 1357 923 obtuso
1383 895 1483 923 acuto
1509 887 1734 929 bidentatove,

196 949 460 995 mnpliiyastriis
485 949 595 983 oratis
621 950 793 982 truncatis
816 938 973 993 {numine
997 948 1200 989 subciliatis,
1240 948 1410 982 involucri
1423 948 1531 994 soliis
1555 954 1587 981 et
1613 947 1735 982 lobulis

195 1010 405 1043 acmninatis
430 1009 748 1055 ampltiyastrioque
775 1008 1047 1050 inciso-ciliatis,
1079 1009 1279 1054 periautlu'o
1303 1009 1547 1055 campanulato
1573 1014 1734 1042 truncato

193 1081 380 1115 compresso
406 1068 475 1102 late
498 1068 630 1114 plicato
656 1081 712 1102 ore
737 1069 846 1102 inciso
872 1068 1008 1102 laciniis
1033 1068 1266 1102 denticulatis.

392 1129 559 1163 Liebman
589 1129 666 1162 Iter
694 1128 876 1162 Mexican.
902 1129 1024 1162 incdit.

295 1188 457 1222 Habitat
482 1189 519 1222 in
546 1189 638 1223 Pico
665 1189 711 1222 de
728 1188 890 1222 Orizaba
919 1188 1116 1222 altitudine
1146 1191 1276 1230 10,0‹}0
1303 1187 1402 1232 ped„
1429 1187 1492 1221 ubi
1521 1187 1734 1231 Septembri

197 1259 324 1282 mense
354 1251 441 1283 1841
474 1259 494 1281 a
522 1249 590 1282 cel.
621 1249 801 1282 Liebman
830 1249 925 1283 lecta
953 1254 1019 1282 est.

296 1307 503 1341 IlIczdotheca
530 1308 687 1342 Leiboldi
714 1308 877 1342 maxime
905 1308 1023 1342 affinis
1050 1308 1194 1344 differt:
1232 1308 1330 1343 soliis
1364 1307 1488 1351 planis
1524 1318 1594 1341 nec
1628 1306 1734 1350 apice

197 1367 346 1401 inflexis
376 1378 496 1412 neque
525 1372 634 1402 acute
669 1367 853 1410 dentatis,
899 1368 1068 1411 margine
1107 1368 1230 1402 minus
1268 1367 1446 1412 repandis
1476 1367 1557 1401 basi
1595 1366 1734 1401 ciliatis

197 1426 348 1471 quidem
377 1437 449 1460 non
478 1437 565 1461 vero
592 1427 867 1469 caudiculatis‚
898 1428 1023 1463 lobulo
1050 1439 1221 1472 expanso
1248 1433 1461 1463 extrorsum
1489 1427 1735 1470 denticulato,

197 1486 397 1521 introrsum
427 1487 593 1530 margine
621 1487 848 1521 subdentato
883 1499 952 1522 nec
984 1499 1073 1522 vero
1101 1488 1414 1532 appendiculam,
1456 1486 1735 1531 amphigastriis

197 1547 256 1580 vel
292 1550 369 1581 toto
403 1547 569 1590 margine
605 1548 665 1583 vel
702 1548 782 1581 basi
830 1559 952 1583 unove
998 1548 1112 1582 latere
1153 1547 1386 1582 solummodo
1422 1546 1736 1589 inciso—ciliatis,

197 1606 380 1641 involucri
420 1606 519 1640 foliis
566 1607 712 1641 obtusis
758 1608 1095 1651 subintegerrimis.
1162 1607 1219 1641 M.
1260 1606 1444 1641 subcilz‘ata
1490 1606 1736 1650 distinguitur

197 1667 306 1700 caule
333 1667 497 1709 longiore
525 1667 648 1700 minus
677 1666 820 1709 diviso,
850 1667 947 1702 soliis
976 1667 1160 1711 elongatis
1197 1667 1386 1712 plerisque
1421 1666 1542 1701 acutis
1569 1666 1736 1710 margine

198 1728 600 1772 undulato-crispulis
634 1728 848 1762 distinctius
885 1727 1139 1772 complicatis,
1186 1727 1466 1772 amphigastriis
1493 1724 1732 1770 subinteger-

198 1787 302 1821 rimis
327 1787 454 1822 lobulo
480 1788 537 1822 vel
567 1788 807 1831 integerrimo
833 1789 891 1822 vel
920 1799 996 1822 uno
1024 1789 1140 1822 latere
1166 1787 1333 1822 dentato.

198 1883 234 1915 p.
262 1874 346 1905 270.
626 1876 681 1906 14.
733 1871 1057 1906 Bladotheca
1083 1872 1339 1915 capensis.

296 1930 405 1964 Adde
434 1931 614 1975 patriam:
658 1931 856 1966 Columbia
883 1931 920 1964 in
950 1930 1110 1966 Colonia
1144 1932 1269 1965 Tovar
1306 1930 1485 1973 (Moritz,
1524 1929 1600 1964 Hb.
1640 1929 1734 1973 Reg.

200 1990 325 2024 Berol.
355 1995 391 2023 et
407 1990 556 2025 Kolilm.
586 2002 619 2024 n.
643 1993 727 2034 177)
754 1995 791 2024 et
817 1991 947 2034 planta
973 1990 1142 2025 mascula
1170 1991 1216 2024 ad
1234 1991 1371 2034 Caripe
1397 1990 1453 2033 (n.
1473 1991 1548 2034 84).
1599 1989 1737 2023 Forma

197 2049 474 2093 quodammodo
501 2049 724 2083 intermedia
752 2049 848 2082 inter
876 2049 934 2083 M.
960 2061 1134 2095 caperisem
1160 2055 1197 2084 et
1223 2050 1498 2084 Swartzianam.
1629 2049 1631 2052 '

199 2131 236 2164 p.
263 2122 347 2154 271.
606 2123 659 2155 15.
710 2120 1032 2155 Marlotheca
1057 2121 1340 2156 Nee-siavia.

199 2179 308 2213 Adde
335 2179 528 2223 diagnosi:
555 2179 654 2213 caule
674 2179 921 2225 procumbente
939 2180 1112 2226 paleaceo,
1129 2179 1237 2226 foliis
1254 2177 1526 2213 involucralibus
1550 2177 1737 2224 tabulisque

343 2239 570 2274 acutiusculis
593 2240 898 2284 subinteyerrimis.

200 2334 236 2367 p.
263 2326 346 2357 271.
457 2325 500 2357 15
522 2323 559 2357 b.
610 2324 934 2358 Mmlotheca
961 2331 1208 2366 expansa
1234 2321 1354 2365 Ldbg.
1383 2324 1419 2355 et
1446 2318 1640 2354 Gottsche.

296 2383 354 2417 M.
400 2382 497 2416 caule
539 2381 779 2429 procumbente
827 2383 1078 2429 bi-tripinuato
1114 2381 1337 2424 nucliuscuh,
1381 2381 1490 2414 ramis
1526 2378 1737 2425 ramulisque

193 2442 394 2490 patentibus
419 2443 556 2487 riyiclz's,
571 2442 677 2488 foliis
703 2442 898 2477 imbricatis
924 2442 1056 2488 oblique
1080 2441 1369 2486 oblonyo-ovatis
1393 2439 1618 2474 obtusissimis
1642 2439 1738 2484 apice

199 2502 350 2537 breviter
381 2503 517 2548 inflexis
549 2502 781 2547 inteyerrimis
815 2502 888 2536 basi
919 2499 1072 2536 ventrali
1095 2501 1339 2536 subundulatz's
1362 2500 1579 2546 subinflexis,
1616 2497 1738 2533 lobulis

199 2563 351 2609 oblonyis
382 2563 510 2597 obtusis
537 2562 659 2608 planis
689 2564 848 2607 maryine
872 2562 1008 2607 reflexis
1033 2568 1065 2595 et
1102 2561 1175 2595 basi
1200 2562 1365 2606 utrinque
1387 2558 1735 2594 subcaudato-denti-

199 2623 340 2664 culatis,
366 2622 626 2668 ampliiyastriis
659 2623 769 2656 oratis
799 2621 929 2656 obtusis
961 2622 1121 2666 maryz'ue
1153 2621 1288 2667 reflexis
1320 2619 1394 2653 basi
1419 2619 1582 2664 utrinque
1606 2629 1735 2664 appen-

200 2682 541 2723 diculam—dentatis,
564 2680 672 2727 foliis
702 2680 973 2715 involucralibus
1005 2681 1243 2725 inteyei·riiizis
1277 2678 1389 2713 lobulo
1420 2675 1631 2712 acutiusculo
1663 2676 1737 2711 basi

202 2743 326 2789 'inflexo
349 2742 562 2782 subdentato,
587 2741 837 2787 ampleiyastrio
862 2742 1034 2786 quadrato
1055 2740 1275 2782 denticulato,
1302 2739 1503 2785 periantliio
1532 2764 1540 2773 .
1569 2763 1577 2772 .

396 2801 565 2835 Liebman
590 2801 669 2834 Iter
694 2801 871 2836 Mexican.
897 2801 1022 2835 inedit.

300 2860 461 2895 Habitat
486 2861 523 2895 in
551 2861 656 2894 terris
685 2861 899 2896 Mexicanis
927 2872 1044 2905 prope
1072 2861 1126 2894 La
1154 2860 1270 2903 Foya.
1319 2859 1556 2902 (Liebman.)

299 2920 356 2955 M.
368 2921 540 2954 Neesiana
563 2920 705 2955 differt:
740 2920 1010 2954 ramificatione
1034 2924 1071 2954 et
1094 2919 1222 2953 habitu
1247 2920 1414 2963 paullum
1439 2919 1609 2961 diversis,
1635 2917 1733 2952 foliis

200 2978 355 3022 saepius
383 2981 694 3024 appendiculatis‚
721 2980 816 3016 lobis
844 2980 1198 3025 amphigastriisque
1216 2980 1333 3014 multo
1352 2979 1565 3015 evidentius
1582 2977 1728 3013 ciliato-
