1824 3252
723 126 1005 172 Chiloscyphus.
1551 133 1621 168 '707

199 240 311 274 Hanc
336 238 579 282 varietatem,
613 250 710 285 quae
737 241 891 285 propius
918 242 964 275 ad
994 241 1318 289 Chil.fissistz'pum
1345 243 1509 285 accedit,
1536 256 1617 278 cer-

103 299 246 334 tissime
273 299 407 333 bonam
435 298 597 342 speciem
626 304 664 333 ct
689 310 709 332 a
730 299 822 335 Chil.
840 301 1031 335 combinata
1056 301 1205 336 omnino
1230 302 1416 336 diversam
1436 303 1622 343 crederes,

102 359 133 394 si
168 358 355 402 perfectas
390 362 427 393 et
462 358 610 402 plantas
644 363 868 394 vetustiores
901 366 1043 395 tantum
1079 361 1249 396 vidisses.
1315 362 1462 396 Adsunt
1497 367 1621 397 tamen

102 418 241 453 surculi
268 418 580 462 imperfectiores,
613 419 675 462 qui
711 420 908 454 transitum
936 421 981 454 ad
1012 420 1102 455 Cleil.
1128 419 1359 455 combinatum
1391 427 1546 466 parant,
1587 427 1623 456 et

102 483 267 512 nostram
294 477 448 511 formam
475 477 561 511 huic
588 482 825 513 connectunt.

199 549 360 583 Habitat
395 555 552 594 utraque
587 550 704 584 forma
743 549 841 592 apud
878 549 1044 584 Min-ador
1079 550 1115 583 in
1144 550 1316 591 Mexico‚
1355 554 1393 584 et
1426 551 1567 586 formae
1599 564 1622 585 α

97 608 307 655 principalis
327 614 363 642 et
382 609 664 653 depauperatae
687 619 806 653 aeque
833 619 875 642 ac
902 605 918 637 ὂ
943 610 1142 654 spinosioris
1167 610 1440 644 inssorescentia
1457 611 1625 646 mascula

103 673 140 702 et
165 668 323 702 feminea
352 668 543 702 fructifera
570 668 719 702 inventa
747 673 813 702 est.

103 771 138 804 p.
171 763 248 795 182.
372 763 419 794 20
434 761 469 795 b.
513 760 881 808 Chilo-scyphus
909 763 1206 797 anamodus
1231 761 1350 798 Mont.

199 832 262 867 Cle.
291 832 388 866 caule
412 839 548 878 repente
573 845 656 877 ναμε
681 845 814 866 ramoso
838 831 1132 878 subsimplicique,
1165 833 1262 876 fbliz's
1290 834 1626 871 subhorizontalibus

98 891 232 937 patulis
266 891 388 937 planis
427 893 797 937 trapezoideo-ovatis
834 893 928 937 apice
967 899 1058 926 recta
1099 894 1312 937 enzaiyz'nalo
1351 894 1625 938 bi-tridentaw,

102 950 261 985 dentibus
286 951 491 985 lateralibus
516 953 777 997 cliwryentibus,
804 951 1014 985 ramealibus
1030 953 1262 998 supremisque
1278 953 1375 987 valde
1387 954 1626 1000 polymorplzis

101 1011 273 1056 repandis,
299 1012 536 1055 enzaryz'natis,
562 1012 694 1052 excisis,
720 1012 797 1045 sinu
815 1010 1013 1056 laciniisque
1033 1012 1202 1052 rotundis,
1228 1013 1450 1057 inteyrisque,
1483 1015 1620 1060 amphi-

98 1071 245 1115 yastriis
271 1071 328 1104 vix
353 1073 522 1115 contiquis
545 1070 792 1116 reng‘sbrmibus
817 1071 911 1115 apice
942 1069 1046 1103 libero
1070 1069 1221 1114 -1-fidz's
1244 1071 1297 1105 vel
1322 1072 1372 1106 bis
1396 1073 1511 1117 bifidis
1549 1086 1626 1108 cum

91 1130 198 1174 foliis
232 1130 389 1164 subiectis
420 1131 621 1176 proiectura
646 1129 891 1175 anyustissima
924 1130 1096 1169 connatis,
1131 1130 1270 1164 laciniis
1295 1130 1491 1166 lanceolatis
1515 1134 1626 1168 acutis

101 1191 263 1235 inte-cyris,
297 1190 498 1236 periantlu'o
531 1189 593 1232 (in
629 1188 764 1222 ramulo
799 1188 1000 1233 terminali)
1032 1196 1130 1222 orato
1165 1202 1221 1223 ore
1253 1190 1366 1236 amplo
1397 1191 1532 1225 obscure
1557 1194 1622 1226 tri—

100 1256 219 1294 quetro
253 1250 411 1289 dentato,
451 1247 723 1283 invohccralibus
753 1259 830 1281 cum
863 1246 1112 1292 ampltifsastrt'o
1145 1248 1277 1283 coalitis
1303 1251 1451 1285 crenatis
1474 1252 1623 1298 reflexis,

94 1307 286 1353 pedunculo
311 1307 398 1348 albo,
426 1308 566 1355 capsula
592 1309 638 1341 ad
662 1306 758 1341 basin
784 1305 939 1340 4-valvi.

295 1369 542 1412 Chiloscjphus
578 1368 770 1399 anomorlus
806 1366 992 1409 flIontayn.
1020 1365 1111 1411 Hep.
1141 1365 1291 1401 Clce'lens.
1326 1369 1364 1402 in
1402 1370 1536 1407 Annal.
1571 1374 1627 1407 des

379 1439 422 1460 sc.
450 1434 523 1460 nat.
554 1430 656 1461 1845.
680 1439 718 1472 p.
745 1429 829 1460 352.
883 1425 981 1459 Cent.
1010 1424 1056 1457 V.
1083 1437 1118 1459 n.
1145 1429 1203 1459 75.

197 1486 356 1520 Habitat
382 1486 417 1520 in
447 1487 552 1520 Chile
580 1487 790 1521 australiori
817 1488 943 1530 (Gay).

101 1591 136 1624 p.
169 1583 246 1615 185.
339 1584 386 1615 22
402 1582 437 1615 b.
475 1581 844 1627 Chiloscyphus
868 1581 1141 1616 biviliatus
1169 1582 1464 1627 Hookerjun.et
1476 1585 1624 1629 Taylor.

201 1651 266 1685 Cla.
294 1652 390 1686 caule
413 1651 656 1697 procumbente
680 1651 904 1698 subsimplici,
919 1652 1025 1696 foliis
1043 1652 1270 1698 complanatis
1288 1653 1477 1689 imbricatis
1500 1662 1626 1690 erecto-

94 1710 297 1755 patentibus
334 1709 403 1744 late
440 1712 548 1745 ovatis
573 1712 773 1745 rotundatis
815 1712 910 1757 apice
942 1710 1125 1752 metuatis,
1166 1713 1427 1758 ampltiyastriis
1453 1714 1628 1761 bipartitis

100 1771 280 1814 seymentis
305 1770 504 1804 lanceolatis
529 1772 734 1805 divaricatis
757 1770 1065 1815 subinteyerrimis‚
1079 1771 1213 1816 fluctu
1242 1799 1248 1807 .
1279 1798 1286 1807 .
1317 1800 1324 1807 .

294 1831 561 1872 Jungermannia
598 1832 745 1863 biciliata
784 1830 884 1877 T'ayl.
912 1831 1006 1876 Hep.
1041 1837 1191 1865 antarct.
1226 1833 1262 1865 in
1289 1833 1400 1867 Lond.
1427 1834 1555 1868 Journ.
1590 1835 1635 1880 qs

377 1888 443 1923 bot.
485 1892 585 1924 1845.
608 1903 646 1935 p.
676 1893 732 1924 84.
759 1903 793 1925 n.
827 1894 877 1924 12.

198 1948 359 1982 Habitat
385 1948 423 1982 in
454 1949 562 1983 Nova
591 1950 808 1983 Zeelandia.

197 2008 397 2052 Caespites
424 2009 515 2050 laxi,
543 2009 682 2052 pallide
708 2009 911 2051 (interdum
940 2010 1110 2054 sordide)
1145 2010 1314 2045 olivacei.
1367 2011 1490 2045 Cautes
1514 2012 1624 2056 polli-

100 2076 206 2100 cares
241 2072 277 2101 et
310 2068 426 2109 ultra,
462 2069 680 2113 plerumque
708 2069 907 2112 simplices.
959 2069 1065 2103 Folia
1092 2074 1301 2103 antrorsum
1328 2072 1447 2114 magis
1473 2076 1628 2106 curvata

102 2126 196 2159 ciliis
223 2127 443 2172 plerumque
471 2129 568 2162 binis
594 2129 800 2171 (rarissime
826 2129 935 2162 tertio
962 2128 1199 2162 rudimentali
1220 2130 1434 2173 accedente)
1469 2130 1629 2164 setaceis

100 2187 264 2228 munita;
299 2188 456 2221 cellulae
484 2199 653 2231 magnae.
705 2187 973 2233 Amplet‘yastria
1000 2198 1158 2231 magna,
1192 2188 1390 2231 bipartita,
1424 2189 1627 2232 segmentis

100 2246 319 2291 plerumque
344 2247 605 2290 integerrimis,
633 2247 819 2281 interdum
848 2247 963 2280 altero
991 2247 1105 2280 latere
1133 2247 1218 2281 cilio
1245 2247 1378 2281 auctis.

196 2305 332 2338 Dill'ert
358 2316 379 2339 a
395 2306 614 2352 Clziloscyplw
628 2306 902 2340 Endliclaeeriano
928 2310 1072 2339 statura
1098 2306 1251 2348 maiore,
1278 2307 1373 2340 ciliis
1397 2307 1627 2350 longioribus

102 2368 138 2398 et
170 2364 434 2409 paucioribus,
483 2365 617 2399 areolis
651 2365 879 2405 maioribus,
924 2365 1277 2410 amphigastriisque
1309 2366 1512 2400 maioribus
1547 2367 1628 2401 basi

101 2424 364 2468 integerrimis.

101 2520 137 2553 p.
168 2513 247 2544 185.
394 2511 442 2543 22
462 2520 493 2542 c.
537 2508 906 2555 Chiloscyphus
931 2508 1134 2544 cubans
1159 2508 1306 2552 Taylor.

201 2580 265 2615 Ch.
292 2580 388 2614 caule
414 2580 491 2615 last-e
516 2581 663 2627 ‘implexo
682 2579 927 2627 procumbente
946 2579 1153 2622 subramoso,
1170 2580 1276 2626 foliis
1293 2580 1441 2616 alternis
1458 2582 1627 2626 contiguis

95 2639 296 2685 patentibus
335 2639 486 2685 oblonqis
523 2642 619 2686 apice
653 2640 852 2674 rotundatis
889 2638 1317 2685 subquadrielenticulatis,
1368 2641 1630 2687 artzpbiyasti·iis

101 2699 246 2733 minutis
270 2700 672 2745 rotundato-quadratis
696 2699 813 2743 bifidis
838 2698 911 2733 basi
936 2706 1032 2733 extus
1057 2699 1245 2746 bispinosis.

298 2759 544 2803 Chiloscyphus
580 2761 706 2792 cubans
744 2758 850 2806 Tayl.
886 2759 974 2794 Nov.
1003 2759 1096 2805 Hep.
1136 2759 1174 2792 in
1201 2758 1314 2794 Lond.
1346 2758 1471 2793 Journ.
1499 2757 1627 2803 qf'bot.

383 2820 486 2852 1846.
509 2830 547 2862 p.
574 2821 657 2853 282.
683 2830 718 2852 n.
749 2822 779 2853 l.

199 2875 361 2911 Habitat
385 2875 424 2911 in
453 2876 614 2922 Nepalia
642 2877 858 2923 (Wallich).

1258 2957 1353 2989 45‘
