1824 3252
157 194 228 225 324
829 185 1022 231 Lejeunia.

158 316 278 350 neque
314 303 437 337 antico
474 302 510 335 in
547 301 695 335 dentem
732 299 947 334 subulatum
983 299 1178 335 incurvum
1212 310 1435 342 excurrens,
1479 301 1541 346 qui
1579 301 1684 341 dens,

157 363 355 398 convoluto
381 361 581 395 introrsum
609 360 736 394 lobulo
763 359 963 393 introrsum
987 359 1123 399 flexus,
1149 369 1190 393 os
1217 359 1333 402 cingit
1358 364 1393 394 et
1422 361 1531 394 veluti
1561 371 1680 394 annu-

156 424 232 457 lum
258 433 322 456 seu
350 420 598 464 sphincterem
626 418 795 453 eiusdem
823 418 967 459 format,
996 429 1069 462 quo
1094 417 1265 459 efficitur,
1303 423 1344 452 ut
1370 419 1517 455 lobulus
1543 421 1611 454 hoc
1647 420 1683 453 in

156 486 255 516 statu
282 479 432 523 oblique
458 477 712 521 lageniformis
741 481 933 521 appareat.
986 476 1093 511 Retis
1124 475 1293 510 foliorum
1331 479 1499 514 maculae
1531 490 1683 523 parvae,

156 538 431 578 subrotundae,
469 537 578 570 lineis
604 536 819 579 duplicibus
846 536 1105 571 validiusculis
1132 535 1304 569 discretis
1331 536 1543 576 seiunctae,
1578 538 1679 572 colo-

154 603 277 638 ratae3
322 596 492 629 maculae
530 595 773 629 intercalares
811 596 951 631 nullae.
1011 595 1138 630 Series
1173 595 1405 629 macularum
1438 597 1682 640 oblongarum

155 656 306 702 reliquis
340 655 522 689 maiorum
556 654 716 698 margini
752 656 907 689 ventrali
944 656 1125 700 parallela
1160 655 1358 699 eidemque
1391 655 1635 700 propinquior
1663 667 1683 689 a

156 716 235 751 basi
263 715 311 750 ad
338 714 500 748 medium
529 714 642 749 ferme
670 713 799 748 solium
827 716 1012 757 excurrit,
1049 715 1244 750 nervulum
1274 715 1502 758 pellucidum
1528 717 1682 759 fingens.

152 775 420 822 Ampltiyastria
459 775 634 818 contigua
676 779 741 808 aut
782 775 948 809 nonnihil
988 775 1276 815 transversaria,
1326 775 1470 818 integra
1506 778 1542 807 et
1583 774 1679 808 inte—

153 836 335 879 gerrima,
369 833 467 868 foliis
502 833 614 878 triplo
653 834 786 868 saltem
822 834 988 875 minora,
1031 834 1113 868 basi
1153 834 1250 868 cauli
1289 835 1437 869 adnexa
1469 834 1683 878 ibidemque

152 895 335 941 papilloso
357 912 372 917 -
394 893 627 932 radiculosa,
674 898 848 927 texturae
884 893 1055 928 foliorum
1097 894 1162 927 sed
1203 894 1372 928 maculae
1406 893 1525 937 magis
1562 893 1683 926 adhuc

152 956 347 989 distantes.
401 951 613 986 Periantlaia
640 952 676 986 in
704 948 820 986 caule'
840 953 1026 998 ramisque
1053 953 1241 998 primariis
1276 954 1465 995 lateralia,
1499 953 1680 997 adproxi-

152 1018 265 1055 mata,
293 1024 312 1047 e
339 1013 454 1046 latere
482 1013 640 1046 ventrali
669 1012 906 1056 prodeuntia,
934 1012 1174 1055 subsessilia,
1203 1013 1266 1047 vix
1294 1015 1313 1056 ἦ
1342 1013 1404 1047 lin.
1432 1012 1617 1056 longiora,
1646 1017 1683 1046 at

151 1074 317 1108 eiusdem
355 1072 430 1105 fere
468 1072 697 1112 latitudinis,
740 1072 967 1113 obcordata‚
1004 1062 1115 1107 dorso
1143 1072 1403 1116 planiuscula‚
1441 1073 1574 1106 subtus
1611 1073 1683 1105 late

152 1134 333 1173 earinata,
362 1131 490 1166 carina
521 1132 694 1177 utrinque
721 1132 760 1166 in
788 1132 968 1174 angulum
996 1137 1147 1166 acutum
1184 1132 1328 1176 apicem
1356 1143 1487 1166 versus
1513 1132 1682 1171 elevata;

150 1194 266 1227 latera
300 1191 500 1235 perianthii
537 1191 680 1235 apicem
708 1202 840 1225 versus
868 1191 1072 1235 explanata
1100 1191 1272 1236 utrinque
1299 1192 1335 1225 in
1364 1193 1540 1235 angulum
1567 1192 1680 1226 obtu-

149 1263 229 1287 sum
272 1256 511 1295 procurrunt,
558 1262 632 1296 quo
672 1251 789 1285 forma
828 1251 953 1285 cordis
990 1251 1209 1295 producitur
1251 1251 1447 1286 interiecto
1488 1251 1682 1284 tuberculo

150 1311 274 1346 medio
308 1310 460 1354 exiguo.
513 1310 620 1344 Folia
653 1309 882 1344 incolum-alia
915 1310 989 1345 duo
1027 1311 1180 1356 reliquis
1214 1312 1432 1346 conformia.
1489 1310 1681 1357 Amphi-qa-

148 1373 274 1407 strium
298 1369 510 1404 involat-raze
536 1380 663 1411 unum,
690 1370 843 1414 reliquis
858 1370 1059 1411 conforme,
1083 1371 1314 1414 adpressum.
1369 1371 1483 1406 Plura
1502 1380 1574 1404 non
1592 1368 1680 1403 vidi.

246 1430 358 1471 Quod
386 1429 432 1463 ad
454 1428 622 1462 habitum
650 1429 769 1463 affinis
797 1434 853 1463 est
881 1429 1069 1475 Lcjermiae
1093 1428 1272 1475 sulgfuscae
1298 1435 1334 1463 et
1356 1430 1446 1464 Phr.
1463 1427 1682 1472 seem-isoliae

154 1489 264 1523 N.ab
282 1488 323 1522 E.
351 1487 417 1522 sed
436 1488 557 1523 differt
579 1488 747 1533 inprimis
775 1493 852 1522 tum
880 1488 995 1523 lobuli
1023 1492 1211 1523 structura
1239 1489 1430 1533 singulari,
1460 1494 1537 1522 tum
1566 1499 1680 1522 nervo

150 1549 277 1593 spurio
304 1548 484 1583 soliorum.

466 1633 526 1665 28.
579 1630 1091 1675 Lejeuniafloccosa
1118 1631 1159 1665 L.
1186 1634 1223 1665 et
1249 1631 1367 1674 Ldbg.

248 1693 288 1724 L.
316 1690 410 1724 caule
437 1697 569 1736 repente
594 1691 753 1735 udpresso
765 1702 872 1736 parce
889 1702 1033 1729 ramoso,
1048 1690 1154 1735 foliis
1169 1690 1361 1723 imbricatis
1372 1688 1679 1725 smnicerticalilms

146 1751 359 1785 subeor-dalis
400 1749 527 1783 obtusis
567 1749 718 1795 hyale'm's
763 1749 872 1783 medio
909 1750 995 1783 serie
1029 1748 1232 1783 cellularum
1269 1749 1461 1794 Ionyiorwn
1499 1749 1679 1782 instructis

146 1811 377 1855 inteycrrimis
411 1808 484 1843 basi
515 1808 633 1842 subtus
666 1808 880 1854 complicatis
916 1808 1028 1842 (obulo
1055 1808 1276 1855 plam‘usculo
1316 1809 1471 1854 mmyine
1492 1807 1587 1854 folio
1618 1819 1677 1840 suo

146 1871 273 1903 adnata
299 1870 393 1915 apice
417 1869 873 1913 emaryt'nalo-une'clcntato,
899 1867 1164 1913 ampliiytrstriis
1190 1867 1371 1907 subnullzk,
1387 1868 1516 1914 jiwctu
1542 1866 1678 1901 laterali

147 1928 273 1968 sessili,
298 1927 403 1973 soliis
429 1926 697 1960 involacralibns
722 1925 957 1971 consormt'bns
974 1927 1215 1971 pem'antlzium
1239 1926 1545 1972 subueqmmte'hus,
1575 1927 1673 1971 peri-

147 1987 264 2021 antltio
290 1986 381 2020 brevi
406 1984 684 2018 lato-obcordato
709 1997 896 2030 compresso
924 1985 1021 2019 laevi.
1075 1985 1232 2019 Gottsclec
1258 1985 1353 2019 Icon.
1381 1986 1459 2032 Lej.
1489 1986 1518 2019 l.
1554 1989 1580 2018 l.

338 2047 605 2089 Jungcrmaunia
635 2048 782 2076 ssoccosa
812 2045 855 2077 L.
869 2051 901 2077 et
914 2044 979 2089 Ly.
999 2045 1036 2078 in
1051 2044 1171 2078 Lehm.
1190 2044 1350 2090 Puy.pl.
1379 2044 1426 2078 V.
1443 2047 1551 2091 P'2G·
1567 2046 1675 2079 m‘25.

246 2105 403 2139 Habitat
439 2104 484 2137 ad
513 2109 659 2148 portum
689 2103 879 2147 Sorzogon
910 2103 986 2137 Ins.
1016 2103 1147 2137 Luzon
1173 2103 1268 2146 (Hb.
1300 2103 1420 2138 Presl.
1448 2103 1490 2138 L.
1517 2109 1553 2137 et
1571 2103 1675 2146 Lg.);

148 2167 185 2199 in
213 2164 513 2209 H)·1110noplryllo
539 2163 702 2208 quodam
728 2163 849 2197 Javae
875 2162 1021 2196 insulae
1046 2162 1200 2206 (Blume
1227 2163 1264 2197 in
1293 2163 1367 2197 Hb.
1397 2164 1463 2207 Lg.
1491 2168 1528 2197 et
1557 2162 1619 2205 N.)

245 2225 463 2268 Propinqua
491 2223 533 2256 L.
561 2221 797 2263 catenulatae,
835 2221 901 2256 sed
937 2221 1035 2256 foliis
1068 2222 1245 2267 hyalinis,
1283 2223 1408 2257 lobulo
1441 2221 1677 2267 planiusculo

149 2291 183 2317 et
211 2285 299 2319 l'olio
326 2284 464 2318 adnato
491 2294 558 2317 nec
586 2282 655 2316 nisi
682 2281 788 2325 apice
816 2281 950 2322 soluto,
979 2282 1254 2326 amphigastriis
1274 2282 1440 2325 minutis,
1467 2281 1677 2326 perianthio

150 2343 317 2377 breviore
356 2353 525 2387 prorsum
565 2341 660 2375 laevi
701 2341 793 2375 satis
834 2351 1022 2385 superque
1061 2342 1196 2376 differt.
1258 2342 1446 2376 Foliorum
1486 2341 1601 2374 forma
1641 2346 1677 2373 et

149 2402 270 2436 colore
298 2413 445 2448 quoque
474 2402 519 2436 L.
540 2400 732 2447 pellucidae
757 2399 1034 2444 quodammodo
1060 2400 1202 2435 similis.

467 2464 526 2496 29.
576 2461 837 2506 Lejeuuia
861 2460 1129 2495 Brentelii
1155 2460 1347 2495 Gottsche.

246 2522 289 2555 L.
323 2522 419 2556 caule
455 2528 590 2568 repente
626 2520 782 2564 elonyato
815 2520 1013 2554 inordinate
1040 2521 1220 2567 pinuatim
1257 2519 1506 2565 bipinnatimve
1531 2530 1674 2555 ramoso,

139 2581 245 2626 filliis
287 2582 539 2627 adproximalis
589 2579 881 2624 oblonyo-owtis
924 2579 1052 2614 obtusis
1098 2580 1331 2625 inte‘qerrimis
1366 2579 1526 2624 φηανῃίηε
1563 2578 1676 2623 infero

148 2642 285 2675 sinuato
309 2641 521 2687 complicatis
556 2639 667 2673 lolndo
700 2646 798 2672 ovato
823 2641 1011 2673 ventricoso
1036 2640 1191 2684 mar-(sine
1216 2639 1325 2673 exciso
1351 2645 1566 2679 transeunte,
1600 2649 1675 2671 am-

146 2699 352 2745 phigmstriis
371 2701 495 2745 parcis
520 2698 728 2733 distantibus
752 2699 912 2732 rotundis
943 2698 1077 2744 patulis
1100 2698 1351 2743 inteyerrimis,
1388 2698 1598 2743 perianthiis
1623 2697 1674 2730 la-

151 2758 315 2793 teralibus
346 2758 516 2792 sessilibus
547 2759 744 2804 compressis
767 2756 1092 2793 obcordato-ovatis
1123 2758 1296 2804 prqficmle
1329 2758 1555 2802 cmm-{sinatis
1579 2758 1676 2790 dorso

147 2817 258 2860 yibbz's
282 2825 398 2852 ventre
423 2817 638 2853 bivar-inatis.
692 2817 851 2851 Gottscloe
877 2817 974 2851 Icon.
1002 2817 1078 2864 Lej.
1107 2817 1175 2852 IV.
1207 2821 1236 2852 l.

250 2877 410 2911 Habitat
436 2878 472 2911 in
501 2877 554 2911 St.
584 2876 838 2921 christophori
866 2877 1000 2919 insula,
1030 2877 1092 2911 ubi
1120 2877 1208 2921 legit
1235 2878 1278 2911 cl.
1312 2877 1461 2912 Breutel
1499 2875 1588 2917 (Hb.
1619 2874 1674 2913 L..

153 2937 232 2979 Lg..
261 2937 305 2972 G.
335 2942 370 2971 et
400 2937 474 2981 N.).
