1824 3252
122 208 195 242 652
769 198 1013 243 Plagiochila.

123 332 159 365 p.
185 323 245 354 53.
462 318 519 349 75.
559 312 904 358 Plumae-hila
930 313 1218 349 cro-ematis.

122 390 232 425 Adde
259 399 400 433 synon:
445 385 550 432 Tayl.
570 385 661 431 Hep.
688 391 842 419 amaret.
867 386 906 419 in
933 385 1047 420 Lond.
1068 384 1196 418 Journ.
1222 381 1266 429 of
1286 383 1351 418 bot.
1382 385 1485 418 1844.
1508 395 1545 428 p.
1572 384 1657 416 371.

265 463 300 483 n.
331 451 390 482 11.
442 446 584 480 Hooker
612 445 837 492 Cryptoymn.
864 451 1018 479 (tutaret.
1044 456 1080 490 p.
1106 446 1166 478 36.
1191 456 1227 477 η.
1257 446 1314 478 13.

219 507 382 541 Habitat
414 506 451 539 in
487 504 627 539 Insuiis
664 505 863 539 Auckland
902 505 985 549 (Dr.
1023 504 1177 539 Hooker
1207 504 1310 548 jun.)
1356 502 1394 536 in
1430 501 1589 535 conibus
1623 506 1660 534 et

123 567 228 602 saxis
256 577 353 600 rara.

220 625 494 667 „Summitates
531 624 737 659 circinatae
775 635 864 659 vera
897 624 1093 669 perigonia
1130 628 1236 665 sunt,
1281 623 1370 658 solia
1413 620 1662 666 perigoniaiia

122 686 337 727 minutiora,
365 684 637 720 ventricosiora
665 691 702 719 et
728 684 912 719 erectiora
939 695 1053 729 quam
1083 684 1254 725 caulina3
1282 682 1461 718 nonnulla
1488 682 1526 715 in
1545 680 1661 715 axilla

123 746 309 790 singulam
337 756 510 790 magnam
539 745 745 785 antheram‚
773 744 959 788 pediceilo
987 744 1192 779 subfultam
1213 744 1379 779 fovent.“
1418 741 1540 786 (Tayl.
1563 741 1586 775 1.
1611 742 1663 786 c.)

121 853 158 885 p.
186 844 245 876 53.
410 844 457 876 76
477 841 513 874 b.
551 840 894 887 Playiocln‘la
919 840 1195 875 mutuatum
1221 837 1369 882 Taylor.

220 914 282 949 Pl.
317 914 413 948 caule
448 913 644 947 brevissimo
678 913 862 959 caespitoso
893 919 1025 953 erecto,
1061 912 1159 953 foliis
1191 918 1286 945 arcte
1317 909 1511 943 imbricatis
1544 908 1664 941 erectis

122 975 325 1021 compressis
350 974 548 1008 rotundatis
569 972 849 1014 cwcavinsculis,
875 973 1033 1017 maryine
1058 972 1233 1006 anteriore
1249 972 1467 1010 decurrente,
1494 968 1664 1014 supremis

120 1033 313 1069 maioribus
337 1032 570 1068 denticulatis.

313 1095 584 1137 Jungermannia
613 1095 781 1125 minutula
811 1092 954 1139 Taylor.
988 1093 1076 1139 Hep.
1104 1098 1255 1126 antur-ct.
1282 1092 1319 1124 in.
1345 1090 1458 1124 Loncl.
1480 1088 1609 1122 Journ.
1627 1087 1671 1132 of

403 1153 468 1187 bot.
499 1155 603 1187 1844.
626 1165 664 1198 p.
692 1155 776 1187 459.
802 1166 837 1188 n.
870 1156 923 1187 ll.

221 1213 382 1247 Habitat
409 1213 444 1246 in
474 1212 721 1255 Kerguelen's
750 1212 870 1246 Laud.

221 1273 416 1317 Caespites
444 1273 531 1312 lati,
560 1272 863 1315 nigro-virides.
919 1271 1044 1305 (saules
1069 1271 1204 1312 erecti,
1233 1270 1497 1312 crassiuscu¹i;
1525 1270 1665 1304 surculi

125 1334 187 1368 vix
219 1336 232 1366 l
264 1333 401 1366 lineam
430 1331 517 1372 alti,
552 1335 649 1366 4-6
684 1332 840 1375 paribus
867 1331 1038 1365 foliorum
1069 1330 1204 1365 vestiti.
1256 1329 1361 1363 Folia
1387 1330 1561 1364 inferiora
1590 1330 1662 1364 mi-

122 1398 236 1434 nuta,
276 1392 338 1427 vix
369 1392 515 1425 caulem
552 1392 799 1432 excedentia,
844 1391 1038 1436 superiora
1075 1390 1273 1424 imbricata
1307 1394 1344 1423 et
1377 1399 1593 1432 compressa
1626 1389 1664 1422 in

122 1453 328 1497 capitulum
356 1455 378 1486 3
396 1472 411 1478 -
430 1451 559 1495 4-plo
578 1451 690 1485 iatius
714 1462 827 1496 quam
855 1450 891 1485 in
921 1451 1061 1485 surculi
1092 1454 1197 1494 parte
1225 1449 1420 1491 iuferiore;
1449 1448 1536 1482 folia
1565 1447 1661 1482 inse-

123 1512 222 1546 riora
266 1513 341 1546 sere
369 1511 631 1554 integerrima,
669 1511 864 1555 superiora
897 1510 1292 1545 crenulato-dentata
1325 1507 1502 1543 dentibus
1535 1506 1659 1540 minu-

122 1570 288 1605 tissimis.
342 1570 530 1604 Foliorum
559 1575 747 1605 structura
775 1570 895 1605 densa
922 1575 958 1605 et
985 1581 1126 1612 crassa,
1156 1569 1291 1604 areolis
1318 1573 1463 1603 tantum
1491 1569 1529 1602 in
1559 1578 1658 1601 mar-

121 1631 207 1674 gine
233 1629 458 1675 conspicuis.

219 1690 346 1725 Minor
387 1701 500 1736 quam
542 1690 652 1735 Play.
686 1689 839 1737 pusilla;
889 1702 910 1725 a
949 1701 1022 1735 qua
1056 1690 1197 1724 recedit
1233 1690 1342 1724 caule
1378 1700 1450 1724 non
1496 1688 1663 1730 incurvo,

124 1750 222 1785 soliis
250 1750 496 1796 paucioribus
523 1755 560 1784 et
586 1751 754 1794 margine
782 1750 969 1785 anteriore
998 1749 1234 1784 decurrente.

124 1857 160 1890 p.
188 1849 247 1880 53.
513 1849 571 1880 77.
610 1847 951 1891 Flayiochila
978 1846 1267 1880 historialis.

125 1905 255 1940 Addas
283 1905 364 1940 loco
392 1905 528 1953 natali:
571 1905 813 1950 Macquaries
842 1906 938 1941 river
973 1906 1070 1950 (Hb.
1098 1906 1247 1950 Taylori
1283 1904 1354 1940 sub
1386 1904 1536 1940 nomine
1570 1903 1663 1938 Jun-

313 1965 538 2009 9ermanniae
563 1965 779 2010 rotifoliae).

125 2061 160 2093 p.
187 2053 248 2084 54.
348 2051 394 2083 77
411 2048 447 2082 b.
486 2049 830 2094 flagita-hila
856 2049 1199 2093 opisthotoua
1222 2048 1379 2091 Tay1.et
1397 2047 1613 2090 Hook.jun'.

223 2119 285 2153 Pl.
313 2119 412 2153 caule
436 2121 622 2165 caespitoso
648 2126 758 2153 erecto
783 2120 880 2166 apice
905 2126 1085 2153 recurvato
1110 2131 1256 2160 ramoso,
1283 2120 1393 2153 ramis
1412 2119 1541 2159 erectis,
1559 2117 1665 2164 soliis

124 2187 218 2214 arcte
262 2179 459 2214 imbricatis
496 2181 618 2214 erectis
656 2181 855 2214 rotundatis
889 2180 968 2213 hinc
1000 2179 1150 2224 yibbosis
1194 2179 1295 2213 illinc
1332 2178 1493 2224 maryine
1530 2178 1664 2224 reflexis

123 2239 273 2272 dentatis
316 2239 415 2273 dente
460 2239 589 2286 apicali
634 2240 789 2282 maiore,
825 2239 1028 2286 periantlaeio
1071 2238 1251 2273 temninali
1291 2238 1433 2282 oblonyo
1478 2249 1663 2284 compresso

124 2306 284 2334 tmncato
308 2299 439 2334 ciliato.

317 2362 590 2402 Juugermannia
627 2360 844 2404 opisiboiona
883 2358 986 2406 Tayl.
1015 2359 1110 2406 Hep.
1139 2365 1292 2394 amaret.
1328 2358 1364 2392 in
1392 2358 1504 2392 Lond.
1532 2358 1661 2392 Journ.

403 2419 448 2465 ‘ff
466 2418 532 2454 bot.
564 2423 669 2454 1844.
689 2431 729 2465 p.
755 2421 839 2453 577.
865 2431 900 2453 n.
927 2423 962 2454 3.

223 2492 384 2526 Habitat
410 2492 446 2525 in
474 2493 589 2526 Terra
617 2502 688 2526 van
719 2491 891 2531 Diemen‚
921 2490 1021 2525 unde
1050 2491 1172 2525 attulit
1199 2490 1267 2525 Dr.
1296 2490 1453 2524 Hooker
1471 2490 1556 2534 jun.

220 2551 418 2596 caespites
455 2551 546 2594 lati,
597 2551 749 2586 sordide
795 2550 953 2585 olivaeei
1004 2550 1152 2585 coloris.
1223 2549 1370 2584 Surculi
1410 2549 1660 2593 bipollicares.

125 2610 232 2645 Folia
266 2611 303 2645 in
349 2622 495 2646 summo
540 2611 692 2646 surculo
733 2611 771 2645 in
815 2611 1021 2656 capitulum
1065 2620 1322 2655 compressum
1365 2613 1662 2643 retrocurvatum

125 2671 305 2713 conecta;
344 2671 524 2706 inferiora
560 2671 614 2705 ita
642 2675 743 2706 arcte
771 2671 992 2713 imbricata,
1027 2675 1069 2705 ut
1103 2671 1232 2706 folium
1266 2669 1423 2704 inferius
1457 2669 1662 2713 superioris

125 2735 269 2776 partem
289 2731 482 2766 dimidiam
506 2736 620 2776 tegat,
648 2735 774 2766 erecta
803 2731 985 2776 adpressa
1012 2731 1123 2765 etiam
1150 2731 1188 2765 in
1215 2734 1315 2765 statu
1337 2728 1501 2770 madido,
1528 2733 1658 2762 rotun-

125 2791 217 2825 data
243 2791 301 2825 vel
321 2791 503 2826 latissime
526 2796 650 2833 ovata,
678 2792 828 2833 obtusa,
858 2790 965 2834 apice
991 2791 1104 2825 dente
1131 2789 1286 2825 notabili
1315 2794 1472 2831 armata,
1501 2792 1661 2833 utroque

125 2851 293 2894 margine
330 2851 496 2886 dentata.
555 2851 663 2885 Folia
696 2849 926 2885 involucralia
961 2850 1130 2894 longiora
1163 2854 1201 2884 et
1234 2848 1354 2893 magis
1388 2851 1514 2883 erec-ta
1547 2857 1660 2892 quam

126 2910 290 2951 caulina,
317 2914 419 2946 arcte
445 2911 647 2956 periantbii
675 2911 758 2946 basi
795 2910 988 2955 adpressa.
1043 2909 1304 2944 Perianthium
1329 2909 1522 2944 involucro
1548 2906 1660 2951 triplo

126 2969 285 3013 longius.
337 2971 599 3017 Irfiorescentia
625 2971 793 3007 mascula
819 2957 861 3006 in
886 2969 1000 3015 spicis
1028 2969 1206 3005 brevibus
1240 2969 1540 3014 gracilibusque‚
1575 2967 1655 3011 pie-
