1824 3252
208 222 279 253 306
817 213 1131 258 Omphalanthus.

207 334 411 382 duplicatis,
455 328 716 376 anaphiyastriis
750 327 928 373 foliorum
962 329 1202 372 maynitucliue
1232 329 1607 366 cordato-orbicianus
1641 339 1738 366 acute

207 395 420 438 breviterque
445 389 562 434 bifidis
587 388 725 421 laciniis
749 386 1027 428 conniventibch
1050 387 1234 432 fructibus
1264 391 1417 424 secundis
1440 390 1599 424 seriatim
1624 392 1735 437 (lispo-

205 454 283 488 sitis
308 453 344 486 in
377 448 512 485 ramulo
539 448 631 481 brevi·
656 446 809 487 laterali,
830 446 1043 492 pm·ia72tliiis
1067 446 1458 494 obconico-cyliudricis
1483 449 1653 491 laevibus,
1680 463 1737 484 ore

209 517 366 546 truncato
391 508 586 544 umboncuo.
641 505 805 541 Gottsclw
831 505 928 540 Icon.
956 505 1098 551 Ley'eun.
1127 506 1157 540 I.
1184 509 1244 541 25.

397 568 669 611 Jungernmnnia
703 567 909 610 isocalyciua
943 565 992 599 N.
1019 564 1063 599 ab
1090 565 1137 600 E.
1171 566 1210 600 in
1247 565 1365 601 Mart.
1400 566 1463 601 Fl.
1493 567 1602 603 Bras.
1640 570 1670 603 I.
1707 573 1736 604 1.

481 638 518 672 p.
545 627 629 660 356.
656 637 689 658 η.
717 627 777 658 41.
829 624 945 659 Mart.
973 624 1068 660 Icmz.
1094 624 1153 660 sel.
1180 632 1291 672 crypt.
1319 631 1344 659 t.
1374 628 1430 660 16.
1442 625 1484 671 f
1510 629 1544 661 2.
1598 629 1736 672 (Figura

484 686 667 730 periantbii
696 686 810 716 minus
839 685 956 727 bona.)

303 745 464 781 Habitat
503 744 541 778 in
582 743 763 783 Brasilia‚
803 743 840 777 in
869 743 1054 778 Districtu
1082 743 1337 778 Adamantum
1375 744 1534 790 aliisque
1575 747 1612 780 in
1646 747 1737 782 locis

206 806 396 841 Minarum
422 803 677 845 Generalium,
703 803 742 837 in
770 802 913 837 truncis
942 804 1117 838 arborum
1145 814 1230 838 cum
1257 803 1482 848 Playiocliila
1504 805 1654 853 simplici
1671 807 1735 842 W.

205 866 375 912 (Mart.);
410 864 446 899 in
475 865 587 900 Serra
615 863 662 898 de
690 862 867 906 Registro
893 867 929 897 et
954 874 1071 908 prope
1099 863 1249 898 Novum
1278 863 1502 908 Friburgum
1528 866 1736 911 (Beyrich).

460 963 495 994 5.
549 938 977 1004 omphalan‘thas
1003 959 1192 995 «temus
1218 958 1260 993 L.
1288 964 1325 993 et
1351 959 1471 1004 Ldbg.

302 1032 346 1066 0.
383 1031 481 1067 caule
514 1038 650 1078 repente
674 1031 851 1077 filiformi
874 1042 956 1075 vaye
980 1043 1114 1064 ramoso
1140 1031 1248 1064 ramis
1272 1029 1446 1073 brevibus,
1468 1030 1575 1076 foliis
1606 1029 1738 1076 oblique

204 1092 354 1126 cordatis
378 1092 473 1137 apice
497 1091 753 1136 meynstioribus
784 1091 882 1123 modo
917 1089 1046 1123 obtusis
1080 1091 1178 1124 modo
1210 1089 1434 1124 acutiusculis
1468 1098 1528 1125 aut
1561 1097 1736 1124 truncato-

204 1150 461 1185 bi-tridentulis
494 1149 607 1197 ample
640 1149 834 1184 reticulatis
869 1149 941 1182 basi
971 1150 1169 1183 decurrente
1200 1148 1319 1183 subtus
1357 1148 1503 1184 breviter
1527 1149 1739 1194 complicatis

205 1209 314 1244 lobulo
359 1216 539 1251 truncato,
585 1209 848 1256 ampleiyastriis
872 1208 972 1254 folia
1005 1208 1232 1254 aequantibus
1273 1209 1558 1243 cordato-ovatis
1595 1216 1738 1254 anyuste

198 1269 476 1316 profundiusque
499 1268 880 1314 emaryinato-bifidis‚
916 1268 1054 1303 laciniis
1072 1268 1258 1315 parallelis
1281 1268 1512 1314 subcontiyuis
1537 1267 1737 1301 lanceolata-

203 1331 332 1371 acutis,
365 1329 577 1375 pcriantln'is
611 1327 910 1374 subfusciculatim
946 1329 983 1362 in
1009 1341 1106 1362 ramo
1131 1329 1306 1375 dispositis
1325 1329 1446 1375 parvis
1470 1327 1623 1373 oblonyis
1646 1340 1733 1374 quui-

203 1389 486 1429 drirmwronafis,
508 1394 629 1433 postca
654 1387 956 1434 cyatltffvrmibus.
1012 1387 1171 1421 Gottsclie
1198 1388 1294 1422 Icon.
1325 1388 1468 1433 Lcjjcun.
1497 1387 1528 1420 Ι.
1554 1388 1613 1421 26.

395 1448 559 1489 Lejeuuia
597 1448 722 1480 debilis
765 1447 883 1480 lilont.
925 1447 961 1480 in
994 1446 1075 1493 Voy.
1111 1446 1322 1494 d'Orbiyny.
1355 1459 1394 1493 p.
1428 1449 1487 1481 63.
1527 1453 1551 1479 t.
1579 1448 1612 1479 2.
1635 1445 1675 1490 f.
1702 1448 1735 1479 2.

483 1505 595 1549 (Ic-on
630 1506 868 1551 difiyurata).
935 1505 1085 1540 Plautes
1118 1506 1228 1541 cellul.
1264 1507 1302 1540 in
1330 1505 1462 1539 Ameal.
1497 1506 1552 1539 cles
1583 1517 1626 1539 sc.
1662 1512 1736 1540 nat.

488 1568 590 1601 1836.
620 1578 659 1611 p.
687 1568 721 1600 9.
758 1572 782 1599 t.
813 1569 843 1599 1.
866 1565 906 1611 f.
933 1569 970 1599 2.

397 1627 668 1668 Jnngermannia
697 1626 819 1657 debilis
848 1625 893 1660 L.
909 1631 941 1659 et
954 1624 1020 1669 Ly.
1047 1624 1082 1658 iu
1107 1623 1227 1659 Lelim.
1254 1636 1328 1659 που.
1357 1632 1389 1658 et
1415 1625 1499 1658 min.
1518 1636 1613 1668 coyn.
1636 1624 1736 1669 stirp.

486 1685 581 1730 Puy.
617 1683 685 1718 IV.
717 1696 756 1730 p.
783 1687 842 1718 51.
876 1697 910 1718 η.
942 1687 997 1718 18.

303 1744 464 1780 Habitat
488 1744 524 1778 in
554 1744 684 1778 Insula
709 1744 764 1778 St.
784 1743 977 1779 Vincentii
1006 1743 1061 1786 (L.
1090 1746 1127 1776 et
1150 1742 1253 1786 Lg.);
1288 1742 1325 1776 in
1347 1743 1509 1778 Peruvia
1537 1743 1628 1786 (Hb.
1650 1743 1739 1788 M.);

207 1808 242 1841 iu
271 1805 452 1841 Fiiicibus
481 1804 634 1839 Insulae
663 1803 888 1838 Martinicae
917 1803 1014 1847 (Hb.
1044 1803 1149 1849 Hp.).

300 1865 476 1900 Occurrit
501 1864 599 1899 foliis
627 1864 735 1908 apice
762 1863 1036 1907 integerrimis,
1072 1862 1184 1897 modo
1211 1861 1379 1904 obtusis,
1416 1862 1526 1897 modo
1559 1863 1736 1897 subtrun-

204 1924 297 1958 catis
325 1923 518 1968 alteroque
546 1923 682 1966 angulo
709 1922 974 1964 acutiuscuiis,
1008 1926 1086 1956 tum
1119 1932 1208 1955 vero
1235 1925 1273 1969 et
1300 1921 1398 1955 foliis
1424 1921 1544 1965 magis
1570 1921 1740 1956 minusve

203 1982 419 2018 bidentulis.
479 1982 746 2029 Amphiyastria
780 1981 887 2025 apice
923 1980 1026 2016 brevi
1055 1984 1292 2024 angustoque
1330 1980 1453 2015 sinulo
1491 1981 1737 2025 emarginata,

203 2043 299 2078 iobis
325 2042 535 2077 latiusculis
562 2041 829 2082 acutiusculis,
865 2041 921 2074 vel
951 2039 1110 2080 obtusis,
1147 2050 1330 2083 persaepe
1356 2040 1404 2074 ob
1433 2039 1630 2077 laxitatem
1655 2051 1736 2074 am-

204 2102 397 2146 phigastrii
427 2102 612 2145 contiguis
632 2102 688 2135 vel
709 2101 778 2135 sibi
807 2101 860 2134 ita
887 2097 1206 2140 incumbentibus,
1234 2102 1275 2132 ut
1301 2098 1420 2134 oculis
1447 2099 1574 2134 fucum
1599 2099 1739 2135 faciant

206 2164 467 2207 integrumque
497 2161 808 2206 amphigastrium
836 2160 1023 2203 effingam.

396 2246 430 2277 6.
486 2242 908 2287 Omphalanthus
929 2239 1279 2286 pteroyonius
1305 2239 1347 2274 L.
1366 2245 1405 2274 et
1427 2240 1547 2284 Ldbg.

304 2313 346 2348 O.
375 2314 469 2348 caule
502 2326 585 2360 vaye
620 2326 753 2348 ramoso
779 2311 1044 2360 procumbente,
1068 2309 1177 2355 soliis
1212 2308 1404 2345 imbricatis
1434 2311 1740 2347 semiverticalibus

206 2372 489 2408 cordato-ocutis
514 2373 699 2420 apic-alatis
723 2372 864 2407 obsolete
889 2370 1112 2406 denticulatis
1144 2368 1264 2403 subtus
1295 2368 1369 2404 basi
1399 2370 1496 2405 haud
1516 2371 1738 2418 complicatis,

206 2431 468 2477 ampliiyastriis
493 2432 859 2468 cordato-orbiculatis
883 2433 974 2465 rima
1000 2429 1246 2475 anyustissima
1271 2431 1508 2474 emaryinatis,
1529 2430 1740 2476 periantliiis

207 2492 242 2523 in
279 2492 386 2525 ramis
420 2492 621 2527 lateralibus
655 2493 815 2527 seriatim
849 2491 1002 2525 secundis
1039 2488 1228 2523 turbinatis
1260 2489 1353 2534 apice
1371 2490 1577 2535 pcntayonis
1601 2490 1740 2535 anyulis

207 2551 402 2595 compressis
428 2554 596 2586 cristatis.
652 2552 812 2586 Gottsclie
838 2551 935 2585 Icon.
964 2549 1107 2596 queun.
1136 2548 1189 2582 II.
1216 2550 1250 2582 8.

399 2613 669 2654 Jungermannia
697 2614 888 2657 pterigonia
916 2611 960 2643 L.
988 2616 1020 2643 et
1047 2609 1113 2653 Ly.
1140 2609 1179 2641 in
1194 2606 1313 2640 Lelim.
1343 2619 1419 2640 nov.
1445 2613 1476 2640 et
1499 2608 1615 2642 minus
1641 2620 1736 2652 coyu.

486 2671 588 2717 stirp.
607 2671 701 2716 Puy.
725 2671 794 2705 VI.
826 2673 929 2704 1834.
958 2682 998 2716 p.
1025 2671 1084 2702 44.
1111 2678 1146 2700 η.
1179 2668 1232 2699 19.

307 2728 465 2763 Habitat
490 2729 528 2763 in
546 2730 709 2765 Peruvia
734 2731 828 2773 (Hb.
853 2728 1015 2773 Kunz.);
1043 2726 1081 2760 in
1108 2724 1262 2759 Mexico
1290 2723 1387 2758 inter
1414 2725 1508 2760 alias
1529 2726 1736 2770 Hepaticas

208 2787 302 2830 (Hb.
332 2788 408 2833 G.).

307 2849 446 2884 Caules
472 2847 619 2883 flaocidi
647 2848 742 2882 inter
769 2859 918 2883 muscos
946 2850 1140 2891 repentes,
1167 2849 1192 2882 2
1211 2867 1225 2873 -
1248 2851 1271 2881 4
1298 2847 1514 2891 pollicares‚
1551 2857 1644 2890 vage
1672 2858 1732 2880 ra-

210 2907 321 2942 mosi:
359 2907 472 2943 ramis
507 2908 694 2952 primariis
737 2919 851 2952 saepe
895 2906 1046 2941 ramulis
1086 2907 1221 2941 iterum
1265 2907 1442 2941 brevibus
1480 2904 1733 2949 subpinnatirn

211 2967 414 3003 instructis.
465 2968 571 3002 Folia
594 2968 791 3003 imbricata
817 2966 1189 3009 subsemiverticalia,
1226 2967 1556 3005 cordato—ovata,
1589 2969 1730 2998 erecto-
