1824 3252
141 190 211 221 334
816 179 1009 224 Lejeunia.

238 297 451 341 Specimina
466 294 687 339 perfectiora
709 293 861 328 robusta
879 299 976 333 sunt,
994 292 1386 335 luteo—fuscescentia,
1400 293 1491 328 satis
1509 293 1669 337 regulari

144 358 252 392 modo
280 357 458 401 pinnata,
499 353 651 388 ramulis
678 352 805 386 multis
844 353 1020 386 brevibus
1055 352 1198 395 apicem
1238 362 1369 387 versus
1405 354 1670 387 crescentibus.

146 418 329 452 Foliorum
367 413 479 448 lobuli
516 412 662 455 magni,
704 411 904 446 rotundati.
964 413 1244 456 Amphigastria
1280 415 1578 449 suborbieularia
1615 415 1670 448 vel

144 477 300 510 obverse
326 471 570 507 cuueiformia
597 471 695 504 haud
722 470 775 504 ita
801 471 981 505 conferta.

240 533 282 565 In
318 532 457 568 forma.
493 540 605 573 quam
642 529 685 562 L.
718 528 938 563 subauritam
972 531 1210 575 appellavere
1238 531 1291 565 M.
1319 537 1355 566 et
1386 531 1432 567 N.
1457 532 1674 566 ramificatio

145 593 257 636 paulo
285 591 406 624 minus
435 588 630 632 regutaris,
659 588 828 622 foliorum
857 589 1006 624 lobulus
1033 602 1147 635 saepe
1174 591 1287 635 paulo
1314 591 1456 632 minor,
1491 591 1557 625 sed
1585 592 1674 625 llaec

147 662 190 684 ne
220 651 437 684 varietatem
465 649 616 696 quidem
644 648 853 691 designant.

242 722 376 755 Forma
410 725 431 763 β
473 719 638 766 Μίᾳηεῖἱὶ
673 720 792 764 primo
837 720 989 765 quidem
1031 722 1163 755 obtutu
1199 722 1310 756 alieni
1350 721 1439 768 quid
1483 724 1677 763 monstrat,

147 782 264 824 magis
291 780 367 814 scil.
398 780 602 823 adplanata
630 784 697 820 est,
724 780 860 814 coloris¹
886 780 1093 824 pallidioris
1120 781 1413 816 subvirescentis
1439 792 1564 825 saepe,
1590 780 1679 815 folia

148 847 235 875 sunt
271 840 393 874 minus
434 839 601 873 conserta
644 839 794 873 lobulis·
818 839 1026 874 minoribus
1065 851 1180 885 saepe
1218 841 1298 876 solo
1338 839 1505 883 margine
1542 839 1680 873 inflexo

148 899 365 939 delineatis‚
404 898 673 942 amphigastria
709 899 869 940 subinde
897 899 1150 943 irregulariter
1186 900 1459 944 subangulata,
1495 899 1560 932 sed
1589 898 1680 931 haec

148 959 271 994 omnia
306 964 343 992 et
377 958 517 992 leviora
552 969 618 1002 per
645 969 685 992 se
723 958 895 992 habenda
933 964 1023 994 sunt
1058 964 1095 993 et
1121 960 1232 993 etiam
1261 959 1297 994 in
1328 958 1480 993 ramulis
1507 958 1682 992 formisve

148 1016 306 1061 singulis
336 1016 380 1050 L.
407 1017 581 1063 muffet-tae
605 1024 818 1052 occurrunt.

248 1076 497 1110 Per-iantlu'nm
526 1078 571 1111 ab
599 1077 740 1120 origine
780 1078 953 1111 subteres
992 1082 1049 1111 est
1084 1078 1327 1122 margineque
1362 1078 1438 1110 lato
1471 1087 1684 1120 compresso

151 1138 310 1179 alatum,
341 1138 408 1171 hoc
436 1141 561 1170 autem
589 1136 727 1170 sensim
754 1137 966 1181 sensimque
992 1141 1204 1176 contracto,
1242 1136 1494 1180 periantbium
1522 1136 1684 1181 denique

151 1198 278 1231 evadit
303 1198 505 1231 obovatum
539 1201 576 1231 et
604 1197 728 1236 laeve,
762 1197 860 1240 quod
898 1202 933 1229 et
971 1196 1006 1229 iu
1041 1196 1124 1230 aliis
1159 1196 1358 1239 speciebus
1392 1195 1503 1229 huius
1539 1195 1685 1239 generis

151 1259 383 1291 observatur.

249 1317 383 1351 Forma
409 1327 434 1355 ’γ
469 1316 567 1349 foliis
604 1315 831 1349 acuminatis
866 1315 1001 1348 differt.
1057 1315 1164 1348 Haec
1199 1321 1324 1350 autem
1358 1315 1507 1351 diversa
1542 1317 1687 1360 species

153 1386 234 1409 esse
264 1375 423 1408 videtur.

512 1469 571 1501 51.
625 1467 886 1513 Lejenmia
911 1467 1148 1502 olivae-ea
1176 1466 1325 1511 Taylor.

256 1541 295 1573 L.
331 1540 425 1573 cunle
460 1538 603 1585 implexo
631 1537 876 1584 procumbente
907 1537 1142 1584 wbpinnatim
1175 1546 1328 1579 ramoso,
1357 1538 1464 1583 foliis
1495 1539 1689 1574 imbricatis

154 1599 354 1645 patentibus
387 1601 540 1633 siccitate
573 1599 709 1643 ruyosis
734 1598 806 1633 lobo
831 1599 1004 1644 superiori
1029 1596 1391 1642 rotundato-oblonyo
1424 1610 1566 1632 recurvo
1599 1599 1687 1632 inte-

154 1661 307 1705 yenrimo
340 1661 436 1706 apice
469 1659 627 1703 mar-qine
662 1658 788 1705 inflexo
823 1657 935 1692 [obulo
968 1658 1132 1703 injeriori
1165 1664 1264 1691 ovato
1297 1656 1451 1692 involuto
1476 1658 1689 1697 unidentato,

158 1720 420 1765 ‹tntpleiyastriis
452 1719 653 1753 rotundatis
687 1718 940 1766 inteyeriimis,
978 1717 1176 1763 pet-ianthio
1208 1718 1342 1751 demum
1377 1716 1521 1751 cavillari
1552 1715 1692 1760 oblonyo

158 1779 380 1823 quadr-[alato
403 1779 528 1813 scr-iaco
554 1777 634 1812 tubo
659 1780 794 1812 minuto
818 1784 988 1812 coronato.

353 1854 622 1894 Jungermanuia
660 1853 807 1883 olivacea
848 1849 980 1896 Toylot·
1014 1849 1106 1894 Hel).
1143 1856 1294 1882 amaret.
1332 1850 1367 1882 in
1398 1847 1540 1881 London
1564 1845 1691 1879 Journ.

440 1910 485 1955 of
502 1910 638 1956 botany.
670 1912 774 1944 1844.
797 1921 832 1954 p.
860 1911 944 1944 568.
969 1921 1005 1942 η.
1032 1912 1092 1942 34.

260 1982 419 2016 Habitat
452 1981 488 2014 in
526 1980 634 2014 Nova
665 1980 866 2013 Zeelandia
905 1979 1004 2013 unde
1039 1977 1166 2012 attulit
1200 1979 1244 2011 cl.
1273 1977 1444 2011 Colenso.

259 2040 457 2085 Caespites
498 2041 622 2084 plures
663 2039 818 2083 pollices
860 2039 1045 2072 diametro
1088 2035 1305 2076 metientes,
1351 2035 1510 2071 olivacei
1546 2034 1693 2069 eoloris.

165 2100 304 2135 Caules
332 2100 509 2144 semipol-
539 2099 693 2140 licares‚
722 2098 813 2133 rami
845 2099 988 2139 breves,
1015 2096 1151 2138 crassi,
1184 2095 1408 2129 fasciculati.
1460 2094 1566 2129 Folia
1593 2095 1697 2129 sicca

166 2165 365 2203 corrugata
391 2159 439 2193 ob
468 2157 671 2202 marginem
694 2158 877 2192 dorsalem
898 2157 1091 2198 inflexum,
1119 2155 1226 2199 apice
1245 2155 1460 2190 decolorata
1484 2159 1521 2189 et
1544 2155 1693 2189 albido-

168 2220 318 2264 hyalina
346 2219 375 2253 si
403 2218 610 2253 vetustiora
648 2223 756 2259 sunt,
791 2218 941 2252 lobulus
975 2214 1153 2251 ventralis
1187 2215 1354 2249 tumidus
1388 2215 1521 2257 dente,
1557 2215 1620 2249 ubi
1660 2216 1696 2249 in

168 2279 296 2314 solium
323 2278 471 2316 transit,
499 2277 704 2322 praeditus.

267 2338 426 2383 Propior
464 2337 612 2373 accedit
656 2337 702 2370 ad
743 2336 947 2383 Lejezmiam
983 2335 1197 2381 confertam,
1242 2344 1339 2378 quae
1387 2338 1510 2368 tamen
1554 2338 1699 2368 statura

169 2397 323 2436 minore,
353 2396 451 2431 foliis
478 2391 605 2429 minus
632 2395 762 2440 opacis
789 2400 827 2429 et
853 2395 978 2430 lobulo
1007 2394 1174 2429 inferiori
1201 2393 1381 2428 edentulo
1406 2394 1556 2436 gaudet.

393 2496 453 2528 52.
505 2493 772 2539 Lejeuma
796 2492 1191 2538 sphaerophora
1224 2491 1266 2530 L.
1294 2496 1331 2525 et
1355 2490 1476 2534 Ldbg.

270 2568 313 2600 L.
341 2565 437 2600 caule
461 2571 598 2611 repente
623 2576 708 2608 &aye
734 2577 879 2605 ramoso,
895 2564 1001 2610 foliis
1026 2564 1220 2598 imbricatis
1239 2561 1372 2607 oblique
1385 2559 1704 2604 rotundo-oblonyis

174 2626 405 2671 inteyerrimis
442 2624 515 2659 basi
539 2626 738 2659 decurrente
762 2623 1171 2669 sinuato-complicatis,
1210 2621 1320 2655 Iobulo
1352 2621 1474 2666 inflato
1507 2619 1704 2654 subsaccato

173 2687 267 2732 apice
302 2686 394 2719 rima
426 2691 575 2730 angusta
608 2697 628 2718 α
651 2683 746 2729 folio
788 2684 937 2717 seimzcto
979 2690 1011 2716 et
1044 2683 1081 2716 in
1124 2680 1275 2715 [obulum
1304 2679 1479 2724 ΙᾳῖοἶιοεαυιΓ
1515 2679 1703 2721 convoluto,

174 2745 437 2791 amplaiyastriis
470 2745 610 2778 remotis
643 2741 954 2788 subreniformibus
987 2740 1230 2785 (ramulorum
1255 2738 1543 2785 suborbz'eulueis)
1569 2737 1705 2784 patulis

177 2805 421 2851 iiiteyerrc‘mis,
435 2804 567 2851 fructu
594 2829 603 2838 .
631 2828 638 2836 .
668 2828 676 2836 .
729 2801 888 2836 Gottsclze
915 2801 1010 2836 Icem.
1039 2800 1116 2847 qu.
1144 2800 1196 2834 ΙΙ.
1231 2802 1283 2833 19.

368 2865 639 2907 Jungermaunia
671 2862 926 2906 sphaerophora
968 2861 1011 2894 L.
1040 2868 1073 2894 et
1100 2860 1165 2904 Ly.
1215 2861 1254 2894 in
1290 2858 1408 2892 Lehm.
1444 2857 1537 2902 Pity.
1565 2855 1618 2902 pl.
1656 2855 1703 2888 V.

460 2923 599 2967 (1833.)
617 2934 655 2968 p.
684 2924 718 2955 9.
744 2934 777 2955 n.
805 2924 838 2955 9.
