1824 3252
736 166 762 200 S
766 166 1037 210 ymphyogyna.
1571 169 1644 202 485

219 280 378 314 Habitat
410 279 447 313 in
474 279 654 313 montosis
690 279 870 322 glareosis
900 278 1083 313 Brasiliae
1122 278 1170 311 ad
1201 277 1297 311 Villa
1324 277 1422 311 ricca
1457 280 1493 311 et
1526 278 1573 311 ad
1601 279 1642 313 S.

123 339 224 372 Juan
253 338 429 381 Baptista
448 339 637 372 Minarum
662 339 904 373 Generalium
935 339 995 382 (de
1011 337 1184 377 Martius,
1214 337 1290 370 Hb.
1319 336 1398 381 N.).
1435 334 1577 378 Vani-3,
1604 337 1642 371 in

124 396 287 431 Brasilia
313 398 427 441 (Aug.
454 398 500 431 de
526 399 580 431 St.
609 398 756 432 Hilaire
783 398 822 432 in
850 398 928 434 Hb.
954 398 1059 441 M.).;
1098 397 1135 430 in
1166 396 1318 430 Mexico
1346 396 1578 441 (Liebman).

217 456 371 501 Squama
395 456 618 490 iuvolucralis
651 457 836 498 obovata,
863 456 1147 491 inciso—lobata.
1201 454 1347 488 Pistilla
1385 459 1519 490 18-20
1545 456 1643 491 infra

122 520 160 550 et
192 516 291 549 circa
326 527 368 549 os
400 516 591 559 calyptrae
625 516 772 550 demum
808 519 1000 559 congesta.
1059 514 1210 560 Capsula
1243 513 1540 557 subcyfindrica,
1574 525 1639 549 oe-

121 574 236 608 currit
260 574 418 608 valvulis
446 575 552 618 apice
579 574 865 609 cohaerentibus
903 574 1005 608 rimis
1037 578 1196 618 quatuor
1222 573 1430 608 dehiscens.
1482 573 1643 608 Elateres

121 633 263 677 bispiri.
324 632 448 667 Flores
485 633 630 667 masculi
670 632 901 676 plurifariam
950 632 1135 675 congesti,
1178 633 1329 677 squamis
1368 632 1643 678 periyonialibus

121 693 386 737 subquadratis
414 691 535 725 bifidis
561 691 929 735 repando-dentatis.

215 752 386 785 Adnot.
439 751 484 784 In
517 751 625 784 icone
663 751 880 791 Martiana,
922 751 943 784 Ι.
979 761 1011 785 c.
1040 750 1228 788 exhibita,
1265 752 1406 793 figurae
1441 749 1641 783 nonnullae

122 813 278 843 naturae
305 810 403 843 baud
429 809 583 844 omnino
609 810 848 844 conveniunt.

386 894 440 925 14.
495 892 902 938 Symphyoqyna
928 892 1210 926 convoluta
1235 891 1382 933 Taylor.

212 960 251 993 S.
274 961 406 1005 fivnde
436 962 677 1006 procumbente
710 963 807 995 tenui
846 960 1185 1006 elongato-oblonya
1220 960 1473 994 subdicleotoma
1512 965 1642 993 castata

117 1022 273 1065 maryine
305 1019 663 1054 undulata-involuta
697 1022 788 1054 diseo
817 1020 1012 1066 prolifhra,
1048 1020 1180 1065 fructu
1215 1020 1277 1064 (2)
1313 1021 1346 1052 in
1371 1019 1521 1063 frondis
1553 1019 1642 1052 disco

114 1079 241 1121 sessili,
275 1079 432 1125 calyptra
466 1079 625 1112 subulam
657 1082 752 1124 apice
779 1079 1003 1125 pistillifhra,
1040 1078 1225 1113 incolum-is
1257 1077 1456 1112 masculinis
1487 1079 1643 1112 seriatim

118 1150 223 1183 supra
237 1137 383 1182 frondis
409 1149 550 1171 nervum
576 1138 741 1182 conyestis
767 1138 917 1183 squamis
941 1138 1086 1172 minutis
1111 1138 1320 1171 acuminatis
1346 1137 1532 1171 laciniutis.

307 1198 573 1241 Symphyogyua
612 1200 795 1230 convoluta
832 1196 964 1242 Taylor
990 1197 1081 1241 Hep.
1117 1203 1268 1230 arctaret.
1303 1196 1339 1229 in
1373 1196 1488 1229 Lond.
1514 1196 1641 1231 Journ.

393 1255 438 1300 of
455 1255 523 1290 bot.
554 1258 654 1290 1845.
675 1268 715 1301 p.
741 1259 800 1290 94.
826 1269 863 1289 η.
888 1259 946 1289 34.

212 1314 257 1348 In
284 1315 415 1349 Insula
440 1315 708 1349 Adscensionis
737 1315 907 1358 (Hooker
928 1314 1040 1358 jum).

213 1374 384 1419 Caespz'tes
410 1374 552 1418 aliquot
578 1374 732 1418 pollices
759 1375 835 1408 lati.
887 1375 1044 1408 Frondes
1067 1372 1132 1407 vix
1159 1372 1305 1417 pollicis
1339 1371 1481 1406 dimidii
1514 1372 1636 1416 longi-

116 1432 266 1475 tudine,
293 1444 406 1476 parce
433 1433 601 1473 divisae,
637 1433 870 1477 marginibus
896 1432 1010 1467 variis
1037 1432 1155 1466 modis
1181 1437 1301 1466 tortae
1327 1437 1364 1466 et
1390 1442 1503 1475 saepe
1528 1432 1636 1466 invo-

115 1492 228 1526 lutae.
281 1491 456 1526 Vidimus
496 1503 629 1527 novam
669 1493 836 1527 frondem
874 1492 910 1525 in
952 1492 1056 1526 disco
1096 1492 1232 1525 veteris
1274 1502 1321 1526 ex
1361 1491 1472 1525 dorso
1512 1495 1639 1525 costae

116 1552 260 1596 apicem
286 1562 417 1585 versus
443 1556 604 1594 angusta
637 1552 718 1585 basi
747 1551 939 1585 orientem.
992 1550 1162 1584 Subinde
1198 1561 1297 1594 apex
1331 1550 1472 1585 frondis
1506 1550 1640 1584 emittit

116 1621 331 1654 processum
368 1610 546 1644 linearem
580 1614 749 1644 extremo
783 1609 1026 1643 radicantem.
1077 1609 1254 1642 Antherae
1280 1609 1407 1644 ovales
1433 1609 1639 1653 stipitatae‚

115 1669 257 1703 liberae
290 1668 428 1713 (neque
454 1668 575 1702 frondi
603 1669 837 1712 immersae),
873 1668 1044 1712 singulae
1070 1668 1242 1702 obtectae
1267 1680 1409 1713 squama
1430 1668 1641 1715 peoe·iyoniali

117 1732 327 1763 antrorsum
353 1727 604 1762 incumbente.
655 1728 808 1771 (Taylor
834 1728 856 1760 l.
885 1729 934 1773 c.)

210 1788 269 1822 An
297 1788 443 1821 diversa
471 1798 493 1821 a
518 1787 558 1821 S.
587 1786 827 1821 Brasiliensi?

322 1884 377 1915 15.
429 1882 828 1927 Symphyoyyna
851 1881 1216 1916 Hochstetters
1244 1881 1291 1916 N.
1319 1885 1356 1914 et
1382 1880 1436 1914 M.

209 1952 249 1986 S.
264 1952 398 1997 froude
421 1952 654 1997 sub-stipitum.
679 1952 796 1998 stipite
819 1958 951 1997 repente
976 1951 1070 1985 alato
1093 1964 1238 1993 ramoSO,
1265 1950 1412 1985 dilatato
1437 1951 1473 1984 in
1486 1950 1639 1996 frondes

111 2010 318 2045 dichotomus
352 2010 589 2045 lato-lineares
621 2010 758 2045 obtusas
790 2012 826 2044 iu
863 2011 996 2045 ambitu
1028 2011 1141 2045 obtuse
1165 2010 1335 2045 Zobulatas
1367 2011 1524 2044 distincte
1558 2023 1637 2044 ner-

112 2082 225 2111 vosas,
252 2070 595 2116 fi·uctfieationibus
638 2071 737 2115 iufra
786 2071 883 2104 nervi
919 2071 1091 2104 divisuras
1133 2071 1185 2104 vel
1222 2083 1262 2104 ex
1295 2070 1371 2115 ipsa
1409 2070 1638 2115 bifurcatioue

112 2129 336 2169 nascentibus,
361 2119 537 2163 inimum-0
560 2130 736 2164 convoluto
762 2130 928 2164 laciniam
954 2130 1090 2163 laciniis
1113 2129 1293 2164 subulatis.

305 2189 571 2233 Symplxyogyna
606 2190 839 2222 Hochstetteri
880 2189 936 2223 M.
962 2196 994 2222 et
1020 2189 1069 2223 Ν.
1105 2188 1289 2232 Juuyerm.
1326 2188 1442 2223 Mont.
1471 2189 1507 2223 in
1535 2189 1634 2224 Anu.

387 2248 443 2280 des
466 2259 511 2280 sc.
536 2254 609 2281 nat.
635 2251 669 2282 2.
697 2248 777 2282 Ser.
806 2248 855 2283 V.
880 2260 917 2294 p.
933 2251 992 2283 68.
1015 2249 1152 2292 (1836).
1195 2247 1354 2281 ΘοΐίεοΙιε
1370 2247 1423 2281 Ic.
1439 2247 1633 2292 Hep.iuecl.

302 2307 569 2347 Jungermannia
596 2308 768 2339 rhizobola
803 2308 922 2341 Mont.
951 2308 1083 2341 Prodr.
1110 2306 1172 2341 Fl.
1199 2307 1380 2341 Fermmd.
1401 2308 1439 2340 in
1457 2307 1553 2341 Anu.
1580 2308 1635 2341 des

387 2376 431 2398 se.
457 2372 531 2399 nat.
557 2368 592 2400 2.
618 2365 699 2400 δέν.
726 2365 797 2401 IV.
816 2379 855 2412 p.
882 2369 941 2402 95.
968 2366 1052 2410 (uec
1077 2366 1218 2411 Hook.)

207 2423 251 2457 In
279 2423 408 2457 Insula
433 2424 533 2457 Juan
554 2424 774 2459 Fernandez
801 2425 848 2459 ad
876 2436 970 2460 saxa
997 2437 1108 2460 secus
1135 2426 1273 2460 rivulos
1306 2424 1398 2460 locis
1432 2426 1514 2460 udis
1549 2437 1634 2461 um-

113 2482 305 2526 brosisque
332 2483 512 2517 montium
538 2494 621 2517 cum
649 2484 921 2530 Pteryyoplzyllo
955 2486 1137 2528 quodam,
1173 2492 1315 2519 arcuato
1347 2484 1480 2527 simili,
1512 2486 1632 2530 Aprili

112 2545 149 2575 et
174 2541 279 2575 Maio
315 2553 348 2576 a.
378 2544 470 2576 1830
504 2542 595 2586 legit
629 2544 786 2577 Bertero
824 2543 919 2587 (Hb.
949 2544 1220 2586 Hochstetteri‚
1257 2555 1294 2578 n.
1326 2546 1436 2586 1599,
1472 2543 1547 2579 Hb.
1576 2545 1630 2580 M.

112 2611 148 2633 n.
174 2604 233 2641 45,
261 2602 330 2635 sub
355 2601 393 2635 J.
419 2602 639 2643 rlzi2·obola?‚
668 2603 744 2637 Hb.
775 2603 852 2647 N.).

205 2659 374 2694 Frondes
400 2672 420 2695 e
447 2662 650 2696 rhizomate
677 2662 794 2696 dense
819 2662 1032 2697 radiculoso
1068 2662 1170 2698 brevi
1202 2661 1491 2696 lacero-alatae
1516 2663 1626 2706 polli-

111 2728 217 2751 cares
234 2718 393 2762 circiter,
419 2724 442 2754 2
457 2741 472 2748 -
491 2723 536 2762 2}
554 2721 616 2755 lin.
638 2722 749 2762 latae,
776 2721 1042 2756 decumbentes
1065 2726 1130 2756 aut
1147 2721 1429 2764 adscendentes,
1456 2722 1629 2767 utrinque

111 2777 265 2819 glabrae
291 2783 327 2811 et
353 2779 497 2820 nudae,
526 2780 622 2814 laete
654 2780 813 2823 virides,
840 2784 1016 2824 tenerae,
1055 2782 1215 2826 planae,
1248 2781 1415 2824 margine
1458 2782 1628 2817 nonnihil

111 2836 275 2869 undatae
301 2840 338 2870 et
363 2836 616 2880 irregulariter
641 2840 811 2881 lobatae,
843 2841 1001 2874 sinubus
1035 2841 1203 2884 angustis
1230 2841 1350 2874 acutis
1374 2839 1469 2874 lobis
1495 2845 1625 2876 rotun-

110 2894 221 2937 datis,
248 2895 373 2937 semel,
399 2895 598 2933 bis-terve
615 2897 862 2941 dichotomae‚
889 2899 1034 2934 laciniis
1054 2904 1164 2935 acuto
1180 2899 1316 2943 angulo
1334 2899 1625 2945 divergentibus‚
