1824 3252
583 215 878 257 Plagiocliasma.
933 215 1180 248 Marchantia.
1567 219 1630 248 52}

133 328 218 361 totis
259 327 377 360 rubris
413 327 519 369 longe
559 326 872 370 prominentibus,
919 327 1148 361 ventralibus
1185 326 1301 360 forma
1334 325 1546 359 semilunari
1586 327 1640 359 vel

135 387 306 426 obovata,
334 386 582 429 appendiculo
610 386 721 420 bifido
749 386 925 420 uncinato
951 386 1083 420 auctis.
1134 385 1289 419 Fructus
1310 385 1346 418 in
1365 385 1488 418 media
1513 385 1641 419 fronde

133 446 286 479 solitarii
322 450 387 479 aut
421 445 639 489 plerumque
673 445 749 478 bini
785 445 932 486 seriati;
975 444 1209 488 receptacula
1238 447 1252 477 1
1278 464 1293 470 -
1320 448 1342 478 4
1365 464 1381 469 -
1409 444 1642 488 (plerumque

133 509 236 549 2-3)
256 525 271 531 -
291 515 425 548 carpa,
453 504 584 537 subtus
611 503 728 547 paleis
756 503 874 546 longis
902 503 1022 536 rubris
1050 503 1218 537 barbata.
1272 502 1491 536 Peclemeulus
1516 507 1537 537 3
1565 504 1642 542 lin.‚

135 565 296 603 validus,
331 564 406 598 fere
433 565 452 604 ὲ
478 563 539 596 lin.
568 564 678 602 latus,
716 562 820 606 apice
846 562 984 605 pallide
1011 563 1238 600 flavescens,
1274 562 1353 595 basi
1383 562 1523 595 rubella
1551 573 1640 605 pur-

134 634 296 665 pureave
330 623 511 656 crassiore
545 621 694 656 indusio
720 632 908 665 purpureo
935 621 1273 654 subinvolucratus.
1325 620 1475 666 Capsula
1502 620 1642 654 viridis.

136 682 301 715 Elatercs
339 687 376 715 et
408 681 548 715 semina
582 686 622 714 ut
660 681 697 714 in
733 679 896 724 reliquis.
948 680 1067 713 Frons
1105 680 1310 713 masculina
1351 679 1489 719 minor,
1527 679 1644 721 magis

136 741 277 779 lobata,
312 740 427 774 forma
460 739 670 782 irregulari.
723 739 827 772 Disci
863 738 1076 773 antheriferi
1117 740 1151 772 in
1181 738 1301 773 media
1329 739 1456 772 fronde
1481 737 1644 772 seriatim

134 799 299 842 (saepius
326 798 421 842 bini)
449 798 630 842 dispositi.

655 951 1031 1004 Subtribus
1071 955 1124 1004 2.

606 1049 1149 1104 Ieeorariae.

340 1129 398 1168 N.
432 1127 484 1168 ab
517 1128 570 1168 E.
606 1129 718 1183 Hel).
755 1130 866 1170 Eur.
900 1129 983 1170 IV.
1009 1144 1058 1184 p.
1090 1128 1160 1169 51.
1193 1134 1231 1167 et
1264 1126 1446 1167 LXIV.

251 1197 435 1237 Fructus
467 1197 510 1236 in
541 1199 815 1250 receptaculo
846 1199 1058 1238 communi
1087 1196 1376 1251 pedunculato
1408 1196 1649 1248 aggregati.

138 1265 415 1305 Pedunculus
448 1266 681 1305 communis
717 1267 806 1305 basi
838 1280 968 1320 saepe
1001 1267 1224 1318 vaginatus
1253 1269 1326 1304 aut
1346 1263 1649 1303 involucratus.

137 1333 354 1388 Capsulae
386 1333 584 1372 dentibus
612 1334 869 1388 operculove
900 1334 1186 1374 dehiscentes.
1239 1331 1409 1372 Pistilla
1431 1345 1454 1371 a
1477 1331 1650 1385 primor-

137 1403 206 1442 dio
237 1415 313 1441 suo
345 1402 388 1440 in
419 1401 694 1456 receptaculo
725 1402 910 1443 inversa.

449 1494 555 1535 LII.
606 1494 738 1545 (III.)
795 1492 1199 1538 Nlarchantia
1231 1492 1357 1533 Linn.

140 1563 186 1595 N.
213 1563 254 1595 ab
281 1563 326 1595 E.
355 1562 447 1608 Hep.
477 1563 568 1596 Eur.
598 1563 667 1597 IV.
687 1576 726 1609 p.
753 1566 799 1597 57
826 1570 858 1596 et
885 1563 1044 1596 XXIX.
1075 1575 1111 1597 n.
1137 1566 1170 1596 3.
1220 1561 1409 1596 Endlieher
1436 1561 1521 1595 Gen.
1545 1573 1580 1607 p.
1607 1563 1654 1595 ›th

138 1628 169 1654 et
202 1624 303 1655 1338.
329 1633 364 1655 n.
391 1624 473 1656 470.
532 1621 793 1655 Marchantiae
820 1632 943 1665 specc.
973 1620 1142 1667 Bischqff
1162 1621 1253 1666 Hep.
1279 1622 1315 1654 in
1344 1621 1424 1654 Aet.
1455 1621 1540 1654 Nat.
1570 1620 1654 1654 Cur.

140 1679 295 1714 XVIII.
329 1684 357 1714 1.
384 1686 409 1714 t.
435 1684 494 1715 68.
510 1679 549 1725 f
578 1684 612 1714 5.
640 1688 672 1713 et
695 1687 801 1714 auctt.

233 1739 524 1782 Receptaculum
552 1738 748 1773 femineum
775 1739 1081 1782 pedunculatum,
1109 1738 1314 1779 radiatum,
1341 1738 1455 1771 radiis
1482 1737 1649 1780 angustis

138 1798 216 1832 basi
245 1797 466 1832 coniunctis.
519 1798 718 1831 Involucra
751 1798 922 1841 partialia
956 1797 1070 1831 radiis
1098 1797 1262 1835 alterna,
1297 1796 1477 1835 bivalvia,
1514 1796 1649 1833 lacera,

135 1856 434 1899 membranacea,
462 1857 702 1902 plurifioraflij
756 1857 970 1891 Perianthia
995 1856 1211 1897 monantha,
1238 1855 1651 1900 quadri-quinquefida,

137 1916 435 1951 membranacea.
493 1916 673 1960 Calyptra
706 1915 932 1959 persistens,
970 1914 1176 1954 subbifida,
1215 1914 1435 1957 pedicellurn
1473 1914 1650 1957 capsulae

136 1974 330 2017 vaginans.
381 1975 547 2019 Capsula
583 1986 650 2019 pro
685 1975 779 2009 mole
815 1974 1040 2017 receptaculi
1066 1972 1205 2016 exigua
1232 1977 1269 2006 et
1294 1976 1444 2013 tenera,
1477 1971 1651 2005 dentibus

135 2033 304 2077 pluribus
337 2034 604 2068 revolubilibus
640 2033 858 2073 dehiscens,
898 2031 1143 2076 pedicellata,
1181 2031 1365 2075 pedicello
1403 2031 1650 2074 perianthium

136 2094 393 2138 subaequante
428 2103 448 2126 e
481 2094 651 2137 calyptra
687 2091 847 2126 solubili.
908 2091 1203 2134 Receptaculum
1229 2090 1475 2124 masculinum
1502 2090 1648 2133 pedun-

136 2153 321 2193 culatum,
356 2153 559 2196 peltatum,
596 2152 790 2192 lobatum,‘
815 2150 983 2193 margine
1009 2148 1125 2184 tenui.
1178 2150 1357 2182 Gemmae
1383 2149 1653 2192 complanatae,

136 2212 171 2245 in
199 2213 349 2256 scyphis
374 2211 584 2245 dorsalibus
611 2211 800 2244 collectae.

229 2270 430 2313 Vegetatio
457 2269 644 2309 frondosa,
671 2269 895 2308 dichotoma‚
923 2271 1027 2300 costa
1053 2265 1175 2299 media
1203 2265 1276 2298 lata
1305 2264 1435 2298 effusa.
1486 2265 1651 2300 Stratum

138 2329 440 2373 hypodermicum
466 2332 766 2362 concameratum
800 2338 863 2361 seu
893 2326 1125 2359 lacunosum.
1177 2323 1418 2358 Pedunculus
1452 2323 1651 2357 areolatus.

232 2389 392 2423 Plantae
419 2393 633 2428 terrestres,
668 2387 705 2420 in
731 2386 816 2420 udis
842 2390 879 2419 et
904 2383 1113 2427 uliginosis,
1141 2382 1186 2416 ad
1214 2393 1338 2416 muros
1364 2386 1549 2423 vetustos,
1578 2392 1649 2424 pu-

137 2452 282 2482 teorum
316 2445 702 2487 circumvallationes‚
749 2445 786 2479 in
828 2443 917 2488 ripis
955 2442 1157 2476 rivulorum
1197 2439 1408 2484 praeruptis
1446 2441 1652 2483 caespitose

138 2511 358 2547 crescentes,
385 2505 510 2540 multis
539 2505 714 2539 radiculis
741 2505 820 2538 solo
847 2503 1006 2537 adfixae.

234 2566 277 2599 In
310 2565 411 2599 omni
446 2564 547 2600 orbis
581 2568 687 2609 parte
721 2562 945 2608 proveniunt
978 2560 1086 2595 huius
1119 2558 1264 2603 generis
1300 2556 1464 2601 species,
1496 2566 1651 2600 quarum

139 2635 234 2664 una,
271 2625 500 2658 BIarcltantia
519 2623 772 2670 polymorpho,
810 2623 883 2655 late
917 2620 1131 2663 divulgata,
1177 2629 1241 2662 per
1283 2626 1427 2652 omnem
1463 2616 1652 2658 Europam

141 2685 324 2728 frequens,
351 2683 463 2717 etiam
484 2682 521 2716 in
544 2681 754 2726 Abyssinia‚
782 2681 818 2715 in
840 2681 966 2715 Insula
982 2680 1091 2719 Java,
1117 2679 1153 2712 in
1172 2677 1340 2712 America
1360 2675 1652 2720 septentrionali,

212 2812 246 2853 *)
282 2812 318 2842 In
346 2812 525 2854 speciebus
552 2813 725 2843 nonnullis
753 2811 866 2843 dubiis
883 2819 1022 2854 propter
1049 2811 1256 2841 iuventutem
1281 2805 1365 2838 radii
1393 2805 1504 2836 adhuc
1521 2805 1654 2842 desunt,

286 2879 317 2901 et
362 2872 616 2913 receptaculum
661 2873 696 2902 fit
742 2871 990 2912 subglobosum
1030 2877 1085 2900 aut
1126 2866 1454 2908 hemisphaericum,
1500 2863 1652 2904 margine

285 2929 414 2970 integro
443 2929 673 2961 crenulatove.
