1824 3252
141 182 211 214 526
783 177 1032 211 Mareliantia.

239 294 330 328 Var.
358 307 380 327 a
406 297 442 326 et
467 302 491 330 γ
519 292 554 324 in
583 290 683 324 Juan
714 290 934 325 Fernandez
960 291 1083 325 insula
1111 292 1199 335 legit
1228 292 1382 327 Bertcro
1411 292 1502 336 (Hb.
1532 293 1586 334 L.,
1617 292 1667 326 M.

143 360 179 389 et
209 354 285 398 N.).
337 353 428 387 Var.
458 353 479 392 β
516 350 552 383 in
583 349 787 389 Quebrada
822 350 869 384 de
896 351 937 384 S.
966 351 1137 393 Augusto
1170 356 1206 385 et
1242 351 1289 385 de
1327 353 1365 386 S.
1395 352 1598 387 Francisco
1623 353 1670 386 ‹le

143 412 371 456 Valparaiso
408 409 606 444 altitudine
640 411 735 443 8000
761 409 847 453 ped.
876 409 1028 453 (Meyen
1056 410 1093 443 in
1124 410 1199 444 Hb.
1231 410 1312 454 N.).
1372 411 1463 447 Var.
1490 424 1515 453 ’γ
1548 413 1583 446 in
1613 413 1669 447 St.

145 472 315 505 Helenae
342 469 467 503 insula
493 468 538 502 el.
563 467 721 512 Ludwig
748 468 836 513 legit
864 469 958 512 (Hb.
984 469 1051 513 Lg.
1078 473 1115 504 et
1144 469 1222 514 N.).

240 543 355 576 Frons
380 545 403 576 2
428 562 443 568 -
472 544 495 576 3
522 541 677 585 pollices
704 541 827 584 longa,
855 540 891 573 in
919 540 1060 574 ambitu
1089 542 1113 575 2
1139 540 1293 584 pollices
1319 541 1408 582 lata,
1435 545 1458 576 4
1475 563 1490 569 -
1509 547 1532 578 5
1549 564 1564 569 -
1584 544 1670 585 fida,

144 602 288 636 laciniis
313 605 336 636 6
363 602 481 635 lineas
518 600 603 634 latis
641 600 778 634 lobatis
805 605 870 634 aut
896 599 1250 641 lobato-crenatis,
1285 601 1418 634 subtus
1451 601 1672 638 densissime

145 660 480 694 rufo-radiculosa
507 660 543 693 in
573 660 714 694 ambitu
744 659 857 701 nuda,
885 659 1113 700 subvenosa‚
1141 665 1291 702 tenera3
1318 671 1429 704 supra
1459 662 1553 697 laete
1581 663 1670 697 viri—

145 720 223 761 dis,
261 719 375 754 dense
414 724 611 763 punctata,
655 719 879 753 stomatibus
914 719 1040 763 parvis
1080 719 1335 754 subrotundis.
1394 720 1591 754 Peduuenli
1627 733 1673 755 ex

145 778 308 812 inferiori
336 779 472 822 pagina
499 779 640 813 frondis
668 779 714 812 ad
742 778 822 813 eius
850 779 993 813 sinulos
1020 778 1238 813 terminales
1265 779 1519 823 egredientes,
1560 782 1579 823 ᾖ
1608 802 1622 807 -
1652 784 1674 815 3

144 838 236 881 poll.
265 838 378 882 longi,
406 838 586 881 angulati,
613 837 700 872 dein
729 839 828 878 torti,
861 839 948 883 pilis
975 838 1061 872 hinc
1087 838 1176 873 inde
1203 839 1377 883 inspersi,
1410 840 1447 874 in
1475 851 1550 873 var.
1578 843 1600 880 β
1627 841 1674 874 ad

145 897 386 931 insertionem
407 898 727 942 receptaculorum
758 899 872 932 barba
901 898 1065 942 pendula
1092 897 1266 942 praediti.
1320 898 1552 945 Receptacula
1578 904 1599 934 4
1617 920 1632 926 -
1653 904 1675 934 5

147 956 264 990 lineas
292 957 389 998 lata,
429 958 588 1001 primum
625 951 809 992 convexa*
831 958 916 992 dein
955 957 1088 1002 plana,
1127 958 1346 1002 plerumque
1381 958 1675 1001 novemradiata,

147 1016 262 1050 radiis
298 1016 335 1050 in
372 1027 468 1051 varr.
495 1028 517 1048 αι
545 1021 581 1051 et
607 1019 628 1058 β
662 1017 708 1050 ad
738 1019 760 1059 3¹-
796 1017 905 1051 nudis
931 1017 1088 1051 clavatis
1116 1017 1249 1051 subtus
1276 1016 1555 1059 canaliculafis,
1591 1019 1676 1053 binc

148 1075 195 1109 ad
237 1081 404 1109 centrum
453 1087 571 1120 usque
618 1076 838 1117 fructiferis,
889 1077 925 1110 in
970 1088 1048 1110 var.
1081 1079 1102 1116 β
1142 1076 1243 1110 haud
1287 1076 1445 1110 exsertis
1484 1078 1677 1112 involucra

149 1135 411 1179 aequantibus.
463 1135 648 1169 Incolae-ra
677 1135 853 1176 bivalvia,
890 1136 1028 1176 cibata,
1065 1136 1236 1178 rufidula,
1273 1136 1414 1170 billora.
1465 1137 1679 1171 Pet-iantlzia

150 1195 328 1238 (propria)
357 1194 539 1236 oboram,
576 1195 684 1236 alba,
712 1195 896 1230 involucri
924 1196 1179 1239 longitudine,
1215 1195 1437 1237 tenerrima,
1472 1196 1559 1230 laxe
1586 1197 1675 1231 reti-

149 1254 295 1294 culata,
329 1254 536 1288 directione
564 1255 615 1288 illi
645 1255 825 1298 parallela
855 1255 1051 1299 bipartita,
1087 1255 1232 1289 laciniis
1266 1255 1486 1297 rotundatis·
1511 1257 1676 1300 plerum-

149 1324 222 1357 que
257 1313 413 1354 bilobis,
450 1324 718 1358 nonuunquam
755 1314 901 1348 laceris.
962 1315 1133 1361 Calyptra
1160 1315 1351 1350 involucro
1379 1315 1494 1359 duplo
1520 1316 1679 1358 brevior,

149 1372 350 1413 lutescens,
386 1373 535 1413 firmior,
564 1373 610 1407 ad
639 1373 801 1407 medium
829 1385 949 1419 usque
975 1374 1170 1416 bilabiata‚
1211 1375 1321 1408 labiis
1348 1375 1492 1409 obtusis
1528 1380 1593 1410 aut
1618 1386 1676 1409 re-

151 1433 257 1475 tusis,
285 1432 556 1476 subrepandis‚
585 1433 795 1477 periantbio
821 1434 1032 1469 contrariis.
1089 1434 1301 1468 Pedicellus
1329 1434 1529 1478 periantbii
1556 1435 1676 1478 longi-

153 1490 295 1532 tudine,
331 1502 480 1526 sursum
513 1493 756 1528 incrassatus.
810 1493 964 1539 Capsula
989 1494 1157 1537 globosa,
1184 1493 1407 1538 quadrifida,
1442 1495 1500 1528 vel
1533 1494 1677 1529 lacero-

155 1551 410 1593 octodentata,
447 1551 565 1586 fusca.
615 1552 759 1587 Semina
785 1564 914 1597 parva,
942 1547 1125 1597 globosa.‘
1170 1553 1330 1587 Elateres
1356 1558 1510 1595 tenues,
1538 1554 1682 1598 bispiri.

155 1610 284 1657 Scyplaei
316 1611 521 1653 gemmiferi
557 1612 613 1645 vel
651 1612 686 1646 in
727 1613 850 1647 media
888 1612 1019 1648 fronde
1053 1613 1111 1647 vel
1153 1612 1308 1658 propius
1345 1623 1366 1647 a
1401 1613 1568 1657 margine
1608 1613 1683 1654 siti,

156 1670 460 1715 pateraeformes,
487 1672 682 1707 crenulati.

250 1730 282 1763 O
299 1729 360 1763 bs.
420 1730 669 1765 Mar-clumtiae
705 1731 952 1778 polymorphae
999 1732 1130 1766 affinis.
1207 1731 1345 1766 Differt
1386 1737 1510 1767 autem
1555 1733 1684 1768 fronde

153 1788 286 1823 latiore
313 1789 483 1824 coriacea
511 1791 637 1825 enervi
665 1802 734 1825 nec
753 1792 949 1836 superficie
975 1793 1082 1826 venis
1107 1792 1146 1826 in
1175 1792 1322 1826 areolas
1349 1791 1524 1826 distincte
1551 1791 1683 1835 divisa,

154 1848 217 1882 sed
245 1849 467 1882 stomatibus
503 1850 754 1885 crebrioribus
787 1851 998 1895 perforata,
1036 1851 1264 1896 receptaculi
1300 1851 1415 1886 radiis
1451 1851 1684 1886 brevioribus

154 1908 411 1948 crassioribus,
438 1908 476 1942 in
503 1921 582 1944 var.
608 1920 633 1948 γ
660 1922 733 1944 non
762 1910 1005 1954 prominulis,
1032 1911 1228 1946 involucro
1254 1912 1378 1945 minus
1405 1910 1542 1952 inciso,
1568 1909 1681 1945 semi-

152 1966 264 2001 nibus
291 1966 412 2001 luteis.
1250 1966 1252 1968 ’

397 2065 432 2096 5.
483 2062 832 2097 erchantia
859 2063 1222 2107 quinqueloba
1251 2063 1298 2096 N.
1326 2063 1372 2097 ab
1401 2063 1444 2097 Ε.

253 2133 309 2167 M.
336 2133 545 2180 receptaculo
570 2134 725 2180 femineo
749 2134 885 2169 stellato
919 2147 1062 2169 com-exo
1086 2136 1220 2168 demum
1244 2133 1427 2180 eat-planato
1451 2135 1683 2180 quinquefido,

155 2194 265 2228 radiis
289 2195 451 2239 utrinque
469 2193 590 2239 planis
613 2193 766 2239 oblonyis
790 2194 937 2237 obtusis,
964 2194 1150 2229 involucris
1175 2194 1331 2238 vlaiyine
1355 2192 1684 2235 aliato-laciniam,

143 2254 276 2299 frande
300 2254 505 2288 «liestmonam

349 2313 562 2346 Mar-channa
591 2314 826 2357 quinqueloba
855 2313 903 2347 N.
915 2312 958 2347 ab
972 2313 1017 2347 Ε.
1035 2313 1128 2359 Hep.
1146 2313 1236 2347 Ειιν.
1254 2312 1325 2347 IV.
1346 2325 1384 2359 p.
1406 2315 1465 2347 98.
1484 2326 1522 2360 p.
1539 2313 1682 2348 LXIV.

254 2384 415 2418 Habitat
441 2383 480 2418 in
507 2383 618 2418 India
644 2384 868 2418 occidentali
894 2385 988 2429 (Hb.
1021 2385 1099 2430 N.).

480 2481 515 2512 6.
566 2479 917 2515 Marchavntia
936 2481 1146 2526 pusilla
1173 2478 1220 2513 N.
1249 2482 1286 2512 et
1311 2477 1366 2512 M.

256 2550 312 2584 M.
347 2549 557 2596 receptaculo
579 2550 734 2596 femineo
768 2550 951 2585 umbonato
984 2552 1180 2586 sea-radiato
1215 2548 1334 2584 subtus
1372 2548 1684 2594 pmpureo-ltirto,

157 2609 270 2643 radiis
294 2610 406 2644 acutis
438 2622 520 2643 raro
553 2609 856 2654 subemaryinatis,
885 2610 1081 2657 pedunculo
1102 2609 1227 2655 ylabro
1253 2608 1366 2649 brevi,
1389 2606 1523 2652 fronde
1555 2614 1684 2651 tenera,

158 2668 298 2703 Iam'niis
322 2669 591 2714 mozeifwmibus
611 2671 738 2703 retusis
762 2669 963 2704 erenulatis.

256 2739 359 2773 Inter
385 2751 532 2775 muscos
559 2740 752 2775 Chilenses
778 2751 892 2775 unum
920 2740 1108 2785 specimen
1133 2739 1273 2774 inveni.

255 2811 374 2846 Frons
394 2815 418 2846 2
446 2833 461 2838 -
491 2815 513 2846 4
539 2812 657 2846 lineas
683 2811 815 2855 longa,
844 2810 987 2851 tenuis,
1015 2810 1114 2854 poris
1139 2810 1280 2855 sparsis
1307 2809 1544 2855 prominulis,
1582 2813 1685 2843 costa

159 2869 292 2904 subtus
319 2875 616 2915 purpurascente
643 2871 796 2915 solaque
831 2880 876 2903 ea
902 2869 1127 2905 radiculosa.
1179 2869 1375 2904 Pedzmculi
1409 2879 1522 2913 saepe
1549 2867 1685 2912 gemini

162 2929 198 2961 iu
226 2929 385 2965 laciniae
411 2930 595 2975 cuiusque
622 2929 741 2974 apice,
781 2940 827 2963 ex
857 2928 1021 2964 inferiori
1048 2928 1187 2973 pagina
1214 2929 1394 2971 orientes,
1426 2933 1438 2963 l
1460 2950 1476 2956 -
1493 2930 1537 2970 ’ἐξ
1567 2928 1685 2962 lineas
