1824 3252
764 178 935 212 Duvalia.
1532 180 1604 211 553

414 288 548 330 LIX.
580 290 686 342 (X.)
736 289 1021 334 Dllvalia
1055 289 1112 330 N.
1148 290 1199 330 ab
1233 289 1284 330 E.

90 369 125 400 in
152 367 296 411 Illayaz.
331 370 363 404 d.
394 370 573 404 Gesellseh.
607 372 741 417 nntius.
776 372 936 405 Freumle
969 383 1014 404 :u
1040 369 1140 404 Berl.
1168 369 1280 403 VIII.
1311 382 1347 415 p.
1374 372 1456 404 271.
1491 375 1517 404 t.
1549 373 1602 404 10.

90 425 207 460 Limll.
235 429 360 462 inte-od.
396 431 446 463 ed.
474 433 506 463 2.
534 443 570 476 p.
600 433 681 464 414.
735 432 825 476 Hep.
854 431 943 464 Eur.
974 429 1040 463 IV.
1064 441 1100 475 p.
1124 429 1284 462 XXXI.
1311 436 1343 462 et
1368 431 1450 464 245.
1485 442 1519 463 η.
1549 432 1603 462 10.

91 484 206 519 Corda
231 488 266 520 in
283 488 390 533 Opitz
404 489 520 524 Beier.
544 490 574 524 I.
597 503 633 535 p.
660 493 742 524 648.
768 503 803 523 n.
830 493 864 523 9.
916 488 1106 523 Endliclzer
1135 488 1221 522 Gen.
1242 501 1281 534 p.
1304 491 1405 523 1337.
1430 487 1603 531 71·463sl-

91 544 318 580 Grimaldiae
343 558 442 591 spec.
472 549 662 590 Lindenb.,
690 548 863 595 Bisclcoffi
892 547 1035 582 Hic'ben.

187 615 479 659 Receptaculum
526 619 725 653 femineum
772 619 1084 663 pedunculatum‚
1120 617 1473 661 hemisphaericum‚
1511 617 1601 650 sub-

90 675 284 716 globosum
313 678 368 710 vel
394 678 765 720 plano-convexum,
786 678 1075 721 integerrimum,
1104 688 1217 720 supra
1243 687 1446 711 cavernoso
1460 687 1602 720 -papu-

89 734 220 775 losum,
254 737 384 770 subtus
410 747 613 771 concavum
635 749 702 771 nec
720 737 940 779 decurrens;
969 736 1031 771 ubi
1060 746 1325 780 monocarpum
1354 739 1422 776 est,
1449 735 1601 777 subglo·

90 792 221 826 bosun}
258 796 532 837 excentricum‚
571 797 788 841 plerumque
823 801 945 830 autem
973 796 1308 838 di-tetracarpum.
1362 795 1604 829 Pedunculus

91 851 209 885 frondi
237 854 437 888 continuus
464 855 545 888 basi
573 866 684 898 parce
711 856 987 895 involucratus,
1025 854 1130 897 apice
1160 855 1349 888 barbatus.
1408 854 1607 888 Involucra

90 910 239 953 propria
269 914 283 944 l
306 933 318 938 -
340 916 381 954 4,
420 923 439 945 a
474 913 640 955 margine
679 913 905 957 receptaculi
933 914 1125 947 crenulato
1152 912 1334 954 discreta,
1370 918 1406 947 et
1431 913 1605 947 interiora

89 981 218 1003 versus
253 971 435 1013 orientia,
477 972 666 1013 tenuiora,
702 972 921 1013 annularia,
959 972 1098 1011 brevia,
1135 972 1341 1013 crenulata‚
1369 982 1605 1014 monocarpa.

92 1027 347 1062 Perianthium
383 1030 535 1064 nullum.
597 1031 773 1074 Calyptra
809 1031 883 1065 cito
917 1030 1174 1074 disrumpens,
1207 1031 1253 1064 ad
1292 1031 1397 1065 basin
1431 1031 1606 1075 capsulae

90 1087 416 1123 lacero-residua
461 1090 773 1125 subevanescens.
842 1090 1002 1133 Capsula
1047 1089 1228 1123 involucri
1268 1100 1401 1124 cavum
1434 1089 1604 1133 implens,

89 1147 377 1189 grandiuscula,
404 1149 637 1190 subsessilis‚
665 1150 839 1192 globosa,
867 1160 979 1192 supra
1007 1149 1167 1183 medium
1194 1149 1370 1192 operculo
1396 1149 1605 1191 dehiscens,

90 1206 283 1241 reticulata
310 1208 346 1249 (e
373 1211 489 1242 strato
517 1209 734 1242 cellularum
760 1208 916 1251 simplici
947 1208 1088 1251 absque
1114 1207 1215 1241 fibris
1242 1207 1486 1242 annularibus
1512 1219 1605 1242 con-

89 1265 230 1308 stans),
275 1266 457 1309 pedicello
493 1268 712 1302 brevissimo
746 1266 983 1310 receptaculo
1015 1265 1200 1299 immerso.
1259 1266 1427 1300 Elateres
1460 1267 1606 1308 caduci,

90 1324 242 1368 bispiri,
280 1325 446 1360 folliculo
473 1326 594 1370 spisso
620 1327 797 1360 colorato.
851 1324 1004 1358 Semina
1031 1335 1159 1367 grosse
1185 1325 1430 1359 tuberculata.
1481 1325 1603 1360 Rece-

89 1382 241 1425 ptacula
275 1386 442 1419 mascula
478 1385 599 1420 frondi
647 1385 693 1419 ad
731 1385 851 1419 sinum
891 1383 1126 1418 terminalem
1164 1383 1385 1417 laciniarum
1420 1383 1605 1425 immersa,

90 1441 317 1485 epidermide
345 1447 463 1486 tecta,
491 1444 800 1485 suborbicularia,
828 1442 966 1477 arctius
995 1447 1105 1486 atque
1134 1443 1301 1485 argutius
1326 1453 1438 1487 quam
1465 1443 1607 1488 reliqua

92 1502 231 1536 frondis
258 1505 472 1547 superficies
499 1504 734 1548 papillulata.
785 1503 999 1547 Apparatus
1026 1502 1278 1546 gemmiparus
1305 1503 1439 1537 nullus.

188 1562 387 1605 Vegetatio
413 1563 608 1604 frondosa,
644 1563 805 1601 infirma,
840 1562 876 1595 in
903 1561 1025 1595 medio
1053 1561 1286 1595 mediocriter
1318 1561 1545 1602 incrassata,
1570 1562 1607 1595 in

94 1621 234 1654 ambitu
262 1623 567 1662 membranacea,
606 1621 956 1665 depresso-plana.
997 1620 1107 1654 bifida
1144 1625 1181 1654 et
1215 1631 1263 1654 ex
1297 1620 1402 1664 apice
1436 1620 1605 1655 sinuato-

92 1679 279 1717 continua‚
306 1681 501 1723 superficie
527 1681 684 1714 obscure
712 1680 876 1713 areolata
895 1680 995 1723 poris
1023 1679 1206 1713 obturatis
1233 1683 1297 1713 aut
1313 1679 1608 1723 simplicissimis,

92 1738 233 1771 cellulis
269 1738 508 1781 epidermidis
546 1738 781 1773 concentrice
819 1738 962 1779 cinctis,
1006 1739 1153 1771 demum
1181 1749 1318 1773 eroso-
1338 1739 1537 1780 lacunosa,
1563 1758 1610 1764 —

91 1796 222 1829 subtus
254 1797 312 1830 vel
348 1798 513 1831 colorata
555 1798 611 1832 vel
650 1797 844 1837 concolor,
885 1797 931 1830 ad
970 1801 1111 1831 costam
1151 1797 1317 1832 obsolete
1357 1798 1608 1841 squamulosa,

91 1855 254 1898 squamis
270 1855 343 1890 cito
357 1857 683 1890 evanescentibus.
735 1857 851 1891 Strati
878 1856 1058 1900 hypopori
1085 1856 1266 1890 cavitates
1287 1867 1447 1899 magnae
1463 1856 1608 1891 inanes.

191 1914 347 1949 Plantae
374 1915 614 1960 rnpincolae,
649 1916 685 1950 in
712 1916 890 1950 montosis
927 1915 972 1948 ad
1002 1925 1132 1958 rupeS‚
1169 1915 1387 1959 praesertim
1421 1917 1610 1950 calcareas

92 1983 301 2017 murosque,
329 1978 550 2008 crescentes.

194 2032 348 2076 Species
370 2038 444 2068 tres
463 2034 654 2078 hucusque
681 2034 934 2077 cognovimus,
961 2045 1117 2079 quarum
1145 2044 1218 2067 una
1234 2034 1420 2078 Europam
1448 2034 1608 2069 mediam

92 2091 245 2133 habitat,
267 2093 382 2126 altera
409 2093 511 2136 regni
540 2093 744 2133 Mexicani,
773 2093 879 2127 tertia
907 2094 1090 2128 Chilensis
1117 2094 1239 2128 incola
1266 2098 1333 2128 est.

438 2183 469 2213 1.
519 2180 758 2214 Davana
782 2179 1045 2223 rupestris
1074 2178 1122 2212 N.
1150 2179 1199 2212 ab
1227 2179 1269 2212 Ε.

190 2250 238 2283 D.
268 2249 471 2295 receptaculo
497 2249 760 2296 hemisphaerieo
780 2263 890 2295 parvo
914 2249 1157 2294 snbgylobosove.

284 2311 426 2341 Duvalia
454 2311 616 2352 rupestris
645 2308 745 2342 N.ab
762 2309 808 2342 Ε.
837 2310 872 2342 in
901 2308 1044 2353 DIayaz.
1070 2310 1131 2342 der
1158 2307 1257 2341 Berl.
1274 2307 1453 2343 Gesellsclz.
1475 2311 1608 2354 natsz.

371 2367 545 2401 Fremzcle.
573 2366 686 2400 VIII.
708 2380 745 2412 p.
772 2370 854 2401 271.
881 2379 952 2412 sqq.
980 2374 1004 2400 t.
1040 2370 1091 2400 10.
1143 2367 1236 2412 Hep.
1264 2367 1354 2400 Eur.
1383 2366 1452 2400 IV.
1475 2379 1511 2412 p.
1526 2371 1608 2402 248.

368 2439 401 2459 η.
433 2429 463 2459 l.
485 2438 523 2470 p.
552 2425 696 2459 LXVI.
724 2437 758 2458 n.
790 2428 820 2458 l.
875 2425 1036 2459 Gottsche
1069 2426 1164 2460 Icon.
1191 2425 1319 2471 Hepat.
1345 2426 1465 2460 incedit.

287 2485 476 2516 Grimaldia
505 2486 667 2527 rupemis
694 2483 860 2517 Lindenb.
888 2484 980 2529 Hep.
1010 2485 1100 2518 Eur.
1121 2497 1161 2530 p.
1183 2488 1261 2518 108.
1288 2487 1370 2518 22.3.
1397 2486 1483 2518 etin
1500 2485 1607 2520 Βίαν.

370 2543 435 2576 bot.
463 2542 603 2576 Ratisb.
639 2545 739 2577 1838.
768 2555 806 2588 p.
836 2546 915 2577 175.
942 2556 976 2577 η.
1004 2547 1036 2577 4.
1089 2541 1257 2587 Bisclzoff
1274 2543 1313 2575 cle
1339 2543 1429 2588 Hep.
1455 2544 1492 2577 in
1519 2545 1608 2578 Noc.

372 2603 452 2635 Aet.
482 2602 548 2636 Ae.
577 2602 662 2636 Nat.
693 2602 777 2635 Cur.
806 2601 940 2635 XVII.
969 2604 1003 2635 2.
1025 2614 1062 2647 p.
1094 2604 1195 2636 1032.
1220 2613 1254 2634 n.
1280 2604 1314 2634 3.
1341 2608 1367 2634 t.
1394 2602 1506 2646 68.f.
1536 2602 1610 2635 111.

370 2660 427 2693 De
445 2661 592 2695 Notaris
618 2661 736 2694 Prim.
766 2660 858 2705 Hep.
887 2660 964 2695 ital.
987 2673 1024 2705 p.
1051 2663 1108 2695 58.
1135 2672 1169 2695 η.
1196 2663 1253 2694 75.

192 2718 350 2751 Habitat
377 2719 422 2751 ad
450 2729 544 2753 saxa
571 2720 950 2754 arenaceo-calcarea
978 2719 1226 2753 Germaniae:
1266 2719 1344 2752 Auf
1367 2720 1431 2752 der
1446 2718 1604 2753 Riesen-

96 2778 190 2820 burg
223 2787 337 2820 prope
364 2777 621 2820 Muggendorf
649 2784 685 2813 et
723 2780 761 2813 in
788 2779 902 2813 muris
930 2780 1028 2824 apud
1057 2779 1287 2813 Bodenstein
1314 2781 1351 2812 et
1376 2777 1607 2812 Kirchahorn

96 2846 210 2879 prope
250 2835 448 2879 Erlangam
487 2838 562 2880 (N.
604 2838 651 2872 ab
685 2839 774 2882 E.);
833 2839 869 2872 in
913 2837 1187 2872 reiectamentis
1238 2836 1387 2870 fodinae
1437 2841 1607 2871 vetustae

98 2895 263 2928 Arsenici
292 2895 326 2928 in
354 2896 447 2929 valle
462 2895 720 2940 Riesengrund
736 2897 959 2932 Sudetorum
990 2897 1054 2941 (de
1072 2896 1230 2940 Flotow)
1246 2902 1395 2939 3'pr0pe
1411 2896 1607 2930 Carlsruhe
