1824 3252
762 173 940 208 Duriaea.
1539 178 1608 208 593

521 289 548 331 ξ.
579 291 607 320 l.
660 288 834 322 Duriaeae
862 288 961 329 Bory
989 287 1026 318 et
1052 283 1177 317 Mont.

186 346 436 381 Fructifieatio
469 346 602 380 dioica.
668 346 786 380 Frons
821 345 1048 388 centripeta,
1088 345 1214 376 erecta
1256 346 1319 375 aut
1362 343 1606 385 adscendens,

91 410 246 440 costata.
298 405 616 439 Fructificationes
641 410 767 439 costae
791 403 956 438 seriatim
995 402 1158 436 insertae
1184 401 1376 437 involucro
1401 403 1606 446 praeditae.

90 465 267 509 Calyptra
294 465 388 508 stylo
413 464 626 498 excentrico
653 464 874 507 persistente
890 462 1045 496 munita.
1097 460 1250 495 Semina
1270 460 1385 494 libera
1402 464 1607 504 punctato—

89 524 274 558 echinata.

185 583 286 628 Bory
310 589 341 615 et
366 582 483 615 Mont.
511 582 548 615 in
576 582 672 615 Arm.
698 582 754 615 des
780 593 825 615 sc·
850 588 924 615 nat.
951 580 1068 614 3ie¹me
1092 578 1171 613 Ser.
1198 579 1228 612 I.
1255 579 1395 625 (1844.)
1415 592 1453 626 p.
1480 583 1561 615 234.

298 685 535 727 LXVIII.
570 685 647 738 (I.)
706 684 994 729 Duriaea
1025 685 1141 740 Bory
1173 694 1217 726 et
1248 685 1389 727 Mont.

89 771 172 811 (nec
199 769 336 802 Merat.
364 777 431 800 nec
459 767 641 809 Boisser.)
691 766 792 811 Bory
818 772 849 799 et
876 765 992 799 Mont.
1053 765 1211 811 Comptes
1235 767 1359 799 remlas
1383 766 1440 799 cles
1470 767 1606 800 seanees

86 830 124 862 de
151 827 364 861 l’Acadeffmie
378 826 577 871 franqaise.
614 826 696 858 Mai
720 828 780 859 22.
821 828 925 859 1843.
984 824 1104 859 Instit.
1130 825 1171 859 de
1197 825 1344 859 France.
1375 827 1476 859 1843.
1505 838 1542 870 p.
1569 829 1603 860 4.

85 888 182 922 Ami.
210 889 263 921 a'es
289 900 332 921 sc.
361 892 434 920 nat.
461 889 497 919 3.
525 886 636 919 Sefrie.
664 885 694 919 I.
721 884 845 928 (1844)
866 896 907 929 p.
932 886 1016 918 228.

181 957 327 992 Dioica.
377 955 539 989 Fructus
580 955 785 989 secundum
828 958 968 988 costam
1008 954 1068 987 vel
1104 964 1256 988 nervum
1294 952 1441 996 senati,
1483 954 1602 993 liberi,

85 1015 315 1050 bracteolati.
367 1015 605 1049 Involucrum
632 1014 822 1058 proprium
848 1013 991 1054 sessile,
1019 1014 1419 1054 ovato-lanceolatum‚
1436 1013 1599 1046 subacu-

84 1076 282 1117 minatum,
328 1075 365 1108 in
402 1076 539 1108 vertice
578 1074 829 1118 perforatum,
876 1071 996 1106 frondi
1043 1071 1270 1106 continuum.
1334 1072 1602 1106 Involucellum

85 1135 360 1179 squamiforme.
412 1133 669 1167 Perianthium
705 1132 858 1165 nullum.
911 1131 1089 1175 Calyptra
1124 1132 1220 1173 stylo
1259 1132 1359 1166 brevi
1386 1132 1600 1166 excentrico

84 1198 283 1233 coronata,
318 1203 463 1236 semper
499 1192 636 1232 libera,
670 1191 886 1235 persistens.
951 1191 1116 1233 Capsula
1150 1191 1325 1233 globosa,
1366 1191 1600 1235 pedicellata‚

82 1257 228 1287 matura
262 1251 440 1291 decidua,
476 1262 548 1284 non
586 1250 795 1284 dehiscens.
863 1248 1032 1282 Elateres
1073 1249 1174 1283 nulli.
1245 1250 1433 1284 Antherae
1468 1254 1601 1284 ovato-

82 1311 337 1355 ellipsoideae,
363 1309 401 1342 in
427 1309 594 1352 margine
621 1309 736 1342 libero
763 1308 904 1341 frondis
930 1306 1103 1351 propriae
1130 1308 1355 1343 nidulantes.

177 1380 294 1413 Frons
321 1384 445 1413 erecta
471 1380 528 1413 vel
557 1379 804 1421 adscendens,
831 1382 989 1420 costam,
1016 1378 1101 1412 hinc
1120 1379 1232 1422 alata,
1259 1379 1283 1413 i.
1299 1391 1331 1414 e.
1347 1379 1461 1414 limbo
1477 1391 1595 1424 oppo-

79 1439 151 1473 sito
177 1439 385 1480 obliterato,
413 1439 471 1472 ala
498 1439 805 1479 membranacea,
832 1437 1051 1479 latiuscula‚
1080 1438 1161 1472 basi
1188 1441 1403 1479 attenuata,
1439 1446 1596 1479 superne

80 1497 467 1540 rotundato-falcata,
492 1498 634 1538 viridis,
662 1499 749 1532 laxe
776 1496 986 1538 reticulata,
1012 1497 1146 1540 tenuis,
1186 1498 1388 1542 spiraliter,
1424 1495 1596 1530 cochleae

80 1556 124 1589 ad
152 1555 281 1598 instar,
308 1562 434 1591 costae
461 1558 740 1591 circumvoluta.

174 1615 335 1650 Plantae
377 1626 546 1658 annuae,
591 1616 780 1655 vernales,
822 1615 860 1649 in
901 1614 1008 1659 aquis
1046 1619 1111 1649 aut
1147 1614 1348 1659 paludibus
1386 1615 1594 1659 spongiosis

79 1673 248 1717 Europae
275 1674 507 1708 australioris
540 1680 576 1708 et
600 1674 750 1709 Africae
776 1673 936 1708 borealis
963 1678 1184 1708 crescentes.

172 1733 326 1776 Species
351 1737 375 1767 2
402 1734 592 1777 hucusque
618 1734 872 1767 innotuerunt.

310 1828 340 1860 1.
390 1824 642 1860 Duriaea
666 1824 1020 1870 helioophylla
1047 1823 1147 1867 Bory
1174 1828 1211 1858 et
1237 1823 1356 1858 Mont.

170 1895 220 1929 D.
246 1894 305 1929 ala
318 1895 463 1941 frondis
486 1903 614 1930 erectae
639 1895 791 1941 elonyata
815 1895 993 1942 spiraliter
1023 1894 1222 1936 convoluta,
1261 1900 1350 1929 costa
1384 1900 1455 1927 tota
1488 1906 1592 1939 squa-

72 1961 177 1995 mata,
204 1954 372 1988 bracteola
398 1954 605 1997 brevissima,
630 1956 815 1989 seminibus
837 1956 964 1989 vertice
987 1954 1157 1988 dilatatis.

261 2015 410 2045 Duriaea
438 2014 661 2058 helicopbylla
695 2015 800 2061 Bory
832 2021 864 2049 et
889 2014 1005 2049 Mont.
1040 2014 1076 2047 in
1102 2013 1200 2048 Ami.
1234 2012 1290 2047 des
1326 2025 1369 2046 sc.
1395 2019 1469 2047 nat.
1503 2013 1526 2046 l.
1566 2028 1592 2048 e.

339 2084 378 2118 p.
405 2075 488 2107 229.
515 2084 596 2117 sqq.

168 2142 290 2186 Prope
316 2143 417 2177 Oran
444 2144 618 2187 Algeriae
652 2144 690 2178 in
725 2145 839 2180 fundo
874 2145 1004 2179 limoso
1037 2144 1141 2177 lacus
1174 2144 1278 2187 parvi
1306 2142 1486 2180 subsalsi,
1521 2142 1589 2174 sub

72 2200 182 2234 undis
208 2207 435 2236 crescentem
461 2203 603 2237 iuvenit
632 2204 785 2239 Durieu.

353 2297 388 2329 2.
440 2293 688 2330 Duriaea
711 2295 970 2330 Natam-isio·
998 2297 1099 2337 Bory
1126 2298 1163 2327 et
1189 2293 1308 2327 Mont.

168 2363 218 2397 D.
236 2365 371 2410 fmvule
397 2364 468 2398 basi
492 2372 639 2410 repente,
665 2366 721 2399 ala
748 2366 839 2399 brevi
853 2365 994 2410 falcata
1012 2364 1195 2405 undulata,
1222 2370 1315 2397 costa
1333 2364 1459 2409 apicem
1474 2374 1587 2395 versas

68 2424 221 2467 squamis
255 2423 471 2457 bracteolisve
496 2424 700 2469 patentibus
738 2423 927 2458 linearibus
967 2425 1006 2457 in
1049 2422 1264 2457 involucrum
1299 2421 1498 2455 abeuntibus
1531 2422 1585 2453 in-

67 2494 196 2528 spersa,
222 2482 406 2517 seminibus
428 2482 586 2528 ¹qlobosis.

257 2543 407 2574 Duriaea
434 2543 595 2575 Notarisii
623 2541 724 2588 Bory
751 2547 782 2574 et
808 2541 925 2575 Mont.
952 2542 976 2575 l.
1002 2554 1029 2575 e.
1054 2554 1089 2586 p.
1115 2544 1198 2575 229.
1226 2551 1305 2584 sqq.

257 2603 534 2646 Sphaeroearpus
561 2603 721 2634 Notari5ii
757 2600 947 2645 Illontayne
981 2602 1018 2634 in
1053 2600 1101 2633 N.
1128 2600 1169 2632 ab
1195 2599 1240 2636 E.
1269 2599 1359 2645 Hep.
1387 2598 1477 2633 Eur.
1514 2597 1583 2632 lv.

340 2672 374 2706 p.
401 2661 589 2695 LXVIII.
616 2663 687 2694 364
711 2667 743 2694 et
768 2663 852 2694 37l.
890 2673 926 2694 n.
952 2663 986 2694 2.
1044 2659 1140 2693 Ceut.
1161 2658 1214 2704 pl.
1241 2658 1313 2692 cell.
1342 2659 1378 2691 in
1404 2658 1502 2691 Amr.
1528 2657 1584 2690 des

337 2732 381 2754 sc.
408 2727 480 2754 nat.
506 2725 540 2755 2.
557 2720 670 2755 Sbrie.
698 2720 771 2753 IX.
795 2733 831 2765 p.
853 2723 910 2754 59.
938 2732 972 2753 η.
996 2722 1054 2754 68.
1109 2719 1166 2752 De
1187 2719 1329 2751 Notaris
1353 2718 1470 2750 Prim.
1488 2717 1582 2762 pr.

345 2778 430 2813 Ital.
451 2792 490 2825 p.
517 2783 575 2814 63.
602 2792 636 2814 η.
665 2783 722 2813 82.
749 2786 773 2814 t.
803 2779 827 2813 f.
856 2781 891 2813 d.
920 2780 955 2812 in
982 2779 1063 2812 Act.
1094 2777 1245 2811 Tam-in.
1273 2776 1350 2811 Ser.
1376 2779 1410 2809 2.
1442 2779 1469 2810 1.

161 2847 320 2881 Habitat
344 2848 382 2882 in
408 2851 559 2893 pascuis
585 2851 795 2894 spongiosis
824 2850 1022 2885 Sardiniae
1049 2848 1279 2883 australioris
1305 2857 1421 2891 prope
1447 2845 1579 2879 Palam

68 2905 131 2947 (de
163 2906 313 2942 Notaris
340 2907 375 2942 in
405 2909 480 2944 Hb.
509 2911 561 2944 M.
590 2915 626 2944 et
654 2910 731 2955 N.).

1237 2991 1289 3018 :33
