1824 3252
621 168 861 226 Lophticoiea
872 202 913 208 —
925 170 1167 217 Madbtheca.
1582 179 1654 219 Δ’821

176 305 312 328 crocata
338 296 379 328 N·
407 297 448 328 ab
473 296 520 328 E.
566 302 645 328 160.

177 343 372 376 diademata
399 341 461 375 Hk.
490 353 521 376 et
547 345 643 387 Tayl.
695 350 773 376 692.

178 391 349 422 difformis
376 391 418 422 N.
444 391 485 422 ab
512 391 553 422 N.
605 396 684 423 166.
714 390 717 391 ⁷

176 438 358 470 discedens
385 439 424 469 L.
451 447 483 470 et
508 439 548 470 L.
600 444 678 470 167.

178 485 361 516 divaricata
391 483 455 517 Hk.
481 496 514 517 et
541 486 638 529 Tayl.
687 490 765 518 694.

178 532 388 565 diversisolia
418 533 462 564 G.
515 539 593 565 166.

178 579 346 611 echiuella
372 580 460 622 Ldg.
486 590 518 612 et
544 581 588 612 G.
642 585 719 614 703.

174 627 328 669 fragrans
354 628 490 659 Monet
508 628 548 658 de
563 628 682 659 Notar·
734 632 812 660 166.

176 685 433 718 Gandichandii
460 686 570 717 Mont.
620 691 698 718 156.

176 733 320 775 gibbosa
350 734 459 765 Mont.
512 739 590 766 698.

177 782 286 821 grisea
316 782 412 825 Tayl.
467 787 544 813 169.
574 787 651 813 701.

178 826 386 859 ?G1111niai]a
414 829 455 859 N.
482 829 522 859 ab
550 829 591 859 E.
643 833 721 860 169.

175 873 410 907 Hasskarliana
440 875 484 907 G.
525 880 603 907 153.

176 922 414 966 heterophylla
443 924 484 954 N.
511 924 552 954 ab
578 923 618 954 E.
671 927 750 956 164.

224 980 246 1001 α
274 972 468 1001 eommunis
495 971 536 1002 N.
563 970 605 1000 ab
632 971 672 1001 E.
726 974 804 1001 165.

225 1017 281 1048 α*
309 1018 427 1048 viridis
454 1019 494 1049 N.
520 1018 561 1049 ab
588 1018 629 1048 E.
681 1021 759 1048 165.

224 1065 246 1107 β
274 1065 516 1107 clatlocephala
542 1065 584 1096 N.
611 1064 652 1096 ab
678 1063 720 1094 E.
772 1068 849 1095 165.

221 1122 243 1153 γ
270 1112 515 1154 gi'audistipula
542 1112 584 1143 N.
609 1111 650 1143 ab
679 1112 718 1142 E.
771 1115 848 1143 165.

224 1159 245 1191 δ
272 1161 380 1190 laxior
406 1160 447 1191 N.
475 1159 516 1190 ab
544 1159 584 1189 E.
636 1164 714 1190 165.
783 1189 784 1193 ,

222 1207 276 1239 δὶις
303 1207 526 1238 multiformis
552 1206 596 1238 Ν.
623 1206 664 1238 31)
692 1206 732 1237 E.
774 1210 851 1236 165.

224 1264 241 1287 ε
268 1265 364 1285 erosa
391 1255 434 1285 N.
460 1250 501 1285 ab
528 1255 572 1285 Ε.
624 1258 702 1285 165.

174 1313 486 1356 heterophylloides
514 1313 556 1344 N.
574 1312 615 1343 ab
635 1314 675 1345 E.
704 1317 781 1344 157.
803 1317 881 1344 690.

172 1361 333 1392 hirtisolia
361 1358 424 1391 Hk.
453 1369 485 1391 et
511 1361 608 1403 Tayl.
660 1366 739 1392 703.

173 1408 393 1451 liomoph)lla
421 1408 462 1438 N.
489 1408 530 1438 ab
559 1408 601 1438 E.
652 1412 730 1440 164.
759 1413 839 1441 693.

173 1452 392 1486 Hookeriana
420 1456 460 1485 N.
488 1455 529 1485 ab
558 1455 596 1487 E.
651 1461 729 1487 161.

221 1502 242 1545 β
271 1503 423 1534 obinsata
451 1503 493 1534 N.
519 1502 560 1533 ab
587 1503 627 1533 E.
679 1508 757 1534 161.

219 1560 241 1590 γ
266 1551 428 1591 prolisera
455 1550 498 1581 N.
524 1549 565 1581 ab
593 1551 634 1582 E.
686 1555 766 1581 161.

220 1597 240 1629 δ
270 1599 396 1628 minor.
449 1603 526 1628 162.

173 1643 346 1675 humifusa
374 1642 439 1676 Hk.
467 1653 499 1675 et
527 1645 623 1688 Tayl.
675 1649 751 1676 695.

172 1692 370 1722 huniistmta
399 1690 460 1722 Hk.
491 1701 522 1723 et
549 1693 646 1735 Tayl·
699 1697 777 1723 701.

174 1740 386 1781 inflexispina
414 1740 511 1782 Tayl.
562 1745 642 1771 693.

172 1787 314 1817 latifolia
343 1787 385 1817 N.
411 1787 452 1818 ab
480 1787 520 1818 E.
573 1792 651 1818 161.

220 1844 244 1866 α
270 1835 462 1865 i'usesceus.
513 1840 590 1866 161.

218 1880 234 1912 ?
263 1881 283 1924 β
311 1882 496 1925 cuspidata.
549 1887 628 1913 161Ἰ

170 1941 259 1971 lenta
287 1941 384 1984 Tayl.
437 1947 515 1973 162.
543 1947 624 1973 692.

170 1989 342 2030 leptantha
369 1990 466 2031 Tayl.
518 1993 598 2021 694.

170 2034 476 2080 Lindenbewyiana
502 2036 567 2067 Hb.
591 2035 717 2066 Lehm.
770 2040 849 2068 187.

171 2080 384 2129 leucoplzylla
410 2085 557 2126 Syuops.
583 2083 669 2126 Hep.
721 2088 800 2115 181.

169 2133 383 2174 1ειιοορ1))113
411 2132 507 2173 Tayl.
563 2135 640 2162 155.

170 2179 337 2209 Martiana
365 2180 406 2210 N.
433 2177 474 2208 31)
504 2177 543 2209 Ε.
596 2180 673 2208 152.
701 2182 781 2208 689.

219 2225 240 2268 β
267 2227 438 2268 spinosior
465 2224 509 2255 G.
564 2229 641 2255 152.

216 2283 238 2314 γ
264 2272 488 2304 numinensis.
540 2276 620 2303 152.

172 2321 287 2352 minor
315 2318 361 2352 N.
390 2319 430 2350 ab
457 2318 498 2348 E.
550 2324 630 2349 160.

221 2367 242 2410 β
270 2367 444 2410 cuspidata
472 2365 512 2397 N.
539 2365 580 2396 31)
609 2365 649 2396 Ε.
701 2371 777 2397 160.

218 2426 240 2457 γ
266 2415 448 2446 tenerrima
475 2414 517 2445 N.
544 2412 585 2443 ab
615 2412 653 2444 E.
704 2419 783 2445 160.

220 2464 241 2495 δ
269 2474 364 2493 erosa
390 2461 433 2493 N.
459 2460 500 2492 ab
528 2461 567 2491 E.
622 2465 699 2492 160.

219 2534 291 2556 var.
318 2532 413 2554 erosa
438 2521 525 2562 Hpe.
577 2524 654 2550 167.

172 2571 285 2602 mollis
311 2570 354 2601 N.
381 2569 421 2600 31)
449 2568 490 2598 Ε.
541 2570 618 2597 158.

171 2618 383 2660 multipenna
410 2616 505 2658 Tayl.
556 2619 634 2645 699.

172 2666 338 2695 muricata
366 2664 408 2695 Ν.
434 2663 475 2694 ab
504 2662 547 2692 E.
599 2666 677 2693 169.
705 2665 782 2693 703.

224 2712 391 2755 sslaxior.
444 2715 521 2741 703.

173 2772 289 2802 Novae
318 2769 523 2801 Zeelandiae
554 2769 596 2800 N.
623 2766 664 2798 ab
692 2767 733 2798 E.
783 2771 863 2798 168.

176 2818 387 2858 Orbigniana
415 2817 463 2847 M.
490 2824 521 2847 et
548 2816 589 2847 N.
642 2819 719 2847 156.

170 2863 362 2910 perfoliata
388 2864 496 2895 Mout.
551 2869 630 2895 172.

175 2913 356 2956 perpusilla
387 2911 482 2954 Tayl.
535 2916 612 2942 163.

898 1497 1176 1535 ΪΛιῐιιιΙαῆα
1202 1500 1306 1531 Mich.

948 305 1083 340 pertusa
1110 297 1206 339 Tayl.
1257 301 1334 329 690.
1390 290 1393 293 ¹
1541 310 1543 312 ’

950 341 1136 388 pb³ysantha
1164 342 1227 376 Hk.
1251 353 1284 376 et
1310 344 1406 387 Tayl.
1458 349 1535 376 700.

949 392 1159 434 planiuscula
1187 392 1283 435 Tayl.
1334 395 1412 423 165.
1441 394 1520 423 696.

948 438 1127 481 polyclada
1155 436 1217 470 Hk.
1245 448 1277 470 et
1303 439 1399 482 Tayl.
1450 444 1528 471 697.
1554 440 1557 443 “

948 485 1179 518 Ρνέαηπίαηα
1203 486 1312 518 Mont.
1365 489 1443 518 194.

948 533 1117 576 profunda
1143 534 1185 567 N.
1213 533 1254 564 ab
1281 533 1322 563 E.
1373 538 1454 566 162.

950 581 1118 611 reclinans
1145 581 1240 624 Tayl.
1293 585 1371 612 700.

949 627 1163 659 recurvisolia
1190 625 1254 659 Hk.
1281 636 1314 659 et
1338 628 1434 671 Tayl.
1485 633 1564 661 693.

949 675 1061 705 rivalis
1087 675 1183 718 Tayl.
1235 681 1314 707 701.

948 722 1183 753 sabuletorum
1209 723 1306 765 Tayl.
1356 728 1436 755 697.

948 769 1171 800 secundisolia
1198 771 1293 813 Tayl.
1344 775 1423 803 693·

947 818 1072 859 spicata
1098 817 1194 859 Tayl.
1246 822 1325 848 167.

947 864 1106 906 spinifera
1133 865 1229 907 Tayl.
1280 871 1359 897 163.
1388 869 1466 896 693.

948 924 1083 966 spinosa
1112 921 1156 953 G.
1207 927 1285 954 170.
1545 949 1548 952 .

948 970 1222 1010 subemarginata
1250 967 1313 1000 Hk.
1340 978 1372 1001 et
1397 970 1492 1013 Tayl.
1543 974 1623 1002 696.

948 1017 1130 1048 subviridis
1156 1017 1252 1059 Tayl.
1303 1022 1382 1049 699.

949 1064 1138 1096 terminalis
1165 1064 1253 1105 Ldg.
1282 1073 1314 1095 et
1342 1063 1386 1094 G.
1439 1070 1517 1096 691.

947 1112 1070 1144 textilis
1097 1112 1194 1154 Tayl.
1245 1117 1324 1143 696.

948 1159 1128 1202 tracbyopa
1156 1159 1252 1201 Tayl.
1302 1164 1381 1190 699.

948 1205 1162 1249 trapezoidea
1190 1206 1298 1237 Mont.
1352 1209 1430 1237 155.

949 1253 1131 1284 triaeamha
1167 1250 1231 1283 Hk.
1258 1261 1289 1284 et
1315 1254 1410 1296 Tayl.
1461 1259 1539 1286 698.

949 1298 1113 1344 (szy.)
1140 1299 1341 1332 triacantha
1365 1301 1485 1332 Raoul.
1535 1307 1614 1342 698.

948 1348 1108 1380 undulata
1136 1348 1244 1378 Mont.
1296 1351 1374 1379 695.

947 1395 962 1427 ‘?
987 1396 1160 1426 vasculosa
1187 1395 1229 1425 N.
1254 1395 1295 1425 ab
1324 1395 1365 1425 E.
1418 1401 1495 1427 702.

947 1442 961 1475 ’ἶ
990 1443 1176 1485 Vogesiaca
1201 1442 1243 1472 N.
1269 1441 1310 1472 31)
1339 1442 1378 1472 Ε.
1431 1447 1509 1474 164.

945 1548 1067 1593 alpina
1092 1547 1202 1578 Bisch.
1254 1553 1332 1579 541.
1360 1505 1439 1533 510·

945 1596 960 1628 ?
988 1594 1171 1640 Spathysii
1194 1595 1235 1626 N.
1263 1595 1304 1625 ab
1333 1595 1373 1626 E.
1426 1599 1503 1628 546.

947 1644 1095 1685 vulgaris
1122 1643 1225 1674 Mich.
1277 1648 1355 1673 511.

898 1690 1132 1737 Lycopodium
1150 1689 1338 1734 pinnatum
1362 1690 1464 1723 Lam.
1513 1698 1568 1724 33.

900 1748 1203 1784 Madotheca
1228 1748 1334 1779 Dum.
1385 1753 1466 1781 262.
1494 1754 1571 1781 730.

947 1798 1150 1841 Abyssinica
1177 1796 1218 1827 N.
1245 1795 1286 1825 ab
1316 1795 1356 1826 E.
1408 1801 1487 1827 281.

947 1845 1122 1877 acutisolia
1149 1844 1188 1874 L.
1215 1851 1247 1874 et
1272 1843 1312 1873 L.
1362 1848 1441 1874 266.

948 1894 1057 1934 alpina
1083 1890 1173 1932 Ldg.
1199 1898 1230 1922 et
1258 1889 1302 1921 G.
1357 1896 1434 1921 732.

947 1941 1090 1971 arborea
1118 1939 1216 1981 Tayl.
1268 1942 1346 1971 731.

948 1988 973 2028 †
1001 1987 1158 2017 assimilis
1186 1987 1272 2026 Hpe.
1323 1990 1403 2017 266.

947 2035 1159 2066 Brasiliensis
1188 2033 1232 2065 G.
1285 2038 1364 2065 271.
1392 2036 1469 2065 734.

997 2093 1019 2114 α
1045 2082 1185 2113 laevior.
1236 2087 1317 2113 271.

998 2129 1164 2172 ssciliata.
1215 2133 1297 2160 271.

948 2187 1218 2230 campylophylla
1244 2186 1284 2216 L.
1312 2193 1344 2216 et
1369 2185 1408 2216 L.
1459 2189 1540 2218 265.

949 2235 1163 2267 Canai-iensis
1190 2233 1231 2264 N.
1257 2232 1298 2264 ab
1327 2232 1367 2262 E.
1420 2237 1500 2265 268.

951 2282 1113 2324 Capensis
1142 2280 1186 2313 G.
1237 2285 1317 2312 270.
1345 2285 1423 2313 732.

951 2329 1118 2360 Chilensis
1143 2328 1183 2359 L.
1211 2335 1242 2358 et
1267 2327 1308 2357 L.
1358 2332 1438 2358 274.

950 2377 1073 2407 ciliaris
1099 2376 1142 2407 N.
1168 2375 1209 2406 ab
1236 2375 1278 2406 E.
1330 2379 1410 2408 264.

951 2432 1092 2464 cognata
1119 2422 1207 2463 Ldg.
1236 2430 1268 2452 et
1295 2421 1339 2454 G.
1391 2427 1468 2454 733.

952 2471 1154 2502 Columbica
1181 2470 1276 2513 Tayl.
1327 2475 1406 2503 735.

951 2527 1158 2549 commutata
1187 2518 1230 2549 G.
1282 2522 1362 2550 267.
1390 2520 1468 2549 730.

950 2567 1092 2607 crispata
1118 2565 1160 2596 N.
1186 2565 1228 2596 ab
1256 2564 1298 2598 E.
1350 2570 1431 2596 268.

950 2613 1130 2653 divergens
1157 2612 1245 2653 Ldg.
1271 2620 1303 2642 et
1330 2611 1373 2643 G.
1426 2616 1503 2644 731.

951 2671 1129 2711 Douglasii
1155 2670 1250 2712 Tayl.
1302 2673 1380 2700 734.

953 2715 1144 2761 eleyantula
1170 2716 1231 2748 Hk.
1269 2721 1347 2749 735.
1398 2716 1506 2748 Mont.
1531 2722 1610 2751 280.

955 2767 1108 2807 elongem
1135 2765 1223 2805 Ldg.
1249 2771 1280 2794 et
1309 2763 1352 2794 G.
1405 2769 1485 2797 733.

955 2823 1098 2853 expansa
1127 2811 1216 2851 Ldg.
1243 2820 1274 2843 et
1300 2809 1344 2841 G.
1399 2817 1477 2843 732.

954 2859 1138 2900 gracilenta
1165 2859 1260 2904 Tayl.
1314 2863 1392 2891 736.

956 2907 1103 2938 involuta
1134 2907 1216 2949 Hpe.
1268 2913 1347 2940 282·
