1824 3252
797 192 934 226 Riccia.
1560 196 1629 226 603

108 309 194 342 milii
223 309 324 346 latet,
353 306 425 340 vidi
455 310 577 340 tamen
605 318 721 351 spot-as
747 306 879 340 coloris
906 305 1001 339 laete
1028 305 1140 338 rubri.
1203 304 1300 338 cilia
1335 304 1370 337 in
1407 304 1474 338 hac
1502 305 1630 348 planta

108 372 249 401 tantum
276 368 345 401 sub
375 367 468 401 bona
487 367 585 400 lente
604 365 818 409 conspicua,
846 364 1108 398 minutissima.
1145 364 1264 407 Aegre
1291 363 1390 403 inde,
1414 367 1454 398 ut
1471 364 1628 403 videtur,

109 427 153 459 ad
182 427 378 460 varietates
406 426 551 459 Ricciae
574 425 712 459 eiliacae
737 424 939 467 releganda
966 427 1068 458 est.“
1130 423 1188 457 De
1218 423 1304 457 Not.
1333 423 1354 458 Ι.
1383 434 1415 457 c.

204 485 429 519 Intermedia
456 485 531 519 fere
563 485 658 519 inter
684 484 815 519 variet.
845 487 867 524 β
902 487 938 516 et
962 492 986 520 ’γ
1016 482 1157 516 Ricciae
1181 481 1340 523 ciliatae;
1375 482 1476 517 frons
1507 486 1629 516 tamen

110 546 238 579 variet.
268 548 289 585 β
316 549 371 579 est
398 545 512 578 multo
539 544 693 587 longior,
720 544 926 587 angustior,
953 544 1162 578 evidentius
1187 543 1341 577 sulcata.

519 629 573 659 12.
621 626 806 661 Βὶοοία
826 626 1078 669 palmata
1103 623 1223 666 Ldbg.

205 685 253 718 R.
270 685 404 729 fronde
429 684 539 718 solida
564 685 844 725 subtriclzotoma,
873 685 1010 718 laciniis
1035 682 1397 717 obcorclato-oboz-atls
1418 682 1632 726 oblonyisquc

107 743 237 777 obtusis
255 743 544 787 subemaryimttis
570 743 682 789 ample
706 744 856 785 sulcatis,
883 746 1040 789 maryine
1061 742 1283 777 crassiusculo
1299 742 1418 776 ciliato
1438 742 1632 787 payinaque

110 803 270 847 inferiori
284 804 389 848 fusco
401 823 414 827 -
422 802 763 848 purpurascentibus.

299 864 410 894 Riccia
439 865 586 904 palmata
616 862 785 896 Limlenb.
826 862 926 896 Riee.
959 862 981 895 l.
1009 875 1036 896 c.
1069 874 1105 907 p.
1134 864 1216 895 457.
1254 873 1287 894 η.
1319 864 1372 894 13.
1405 867 1430 894 t.
1455 863 1513 895 27.
1530 860 1567 905 f.
1598 860 1630 893 1.

385 926 417 953 et
445 921 538 966 App.
560 933 598 966 p.
623 924 706 955 504.
734 933 765 955 e.
819 923 866 955 N.
892 921 935 955 ab
962 921 1007 955 E.
1027 922 1116 967 Hfl’·
1142 921 1231 954 Eur.
1260 919 1328 953 lV.
1351 932 1387 965 p.
1404 919 1534 960 LXX,
1561 922 1632 953 390

384 986 415 1013 et
440 983 523 1014 405.

190 1040 223 1077 β,
252 1040 383 1080 minor,
423 1042 556 1072 laciniis
592 1041 842 1073 sublinearibus
881 1041 1086 1082 profundius
1123 1041 1235 1070 incisis
1273 1041 1365 1082 apice
1406 1038 1629 1069 solummodo

253 1101 371 1131 ciliatis
399 1100 518 1130 subtus
547 1101 661 1130 minus
688 1102 859 1132 coloratis.

387 1157 552 1190 Limlenb.
580 1157 602 1191 l.
628 1170 657 1195 e,
709 1158 756 1191 N.
781 1156 824 1191 ab
851 1158 897 1190 E.
925 1157 948 1191 l.
973 1170 1000 1191 e.

205 1217 363 1251 Habitat
388 1216 424 1250 in
454 1217 563 1250 Italia
590 1217 728 1250 boreali
757 1222 793 1251 et
820 1217 945 1250 Gallia
972 1216 1125 1249 australi
1158 1216 1250 1260 (Hb.
1282 1216 1357 1259 Lg„
1388 1216 1434 1250 N.
1463 1220 1500 1250 et
1527 1216 1606 1259 M.).

539 1299 593 1331 13.
644 1297 825 1332 nice-ia
850 1297 1061 1331 tamma
1089 1295 1206 1339 Ldbg.

208 1356 255 1390 R.
281 1356 415 1402 fronde
449 1355 559 1390 solida
592 1355 806 1402 subsimplici
843 1355 1154 1400 oblonyo-Iinearz'
1192 1354 1310 1389 obtusa
1350 1356 1479 1401 apice-m
1516 1367 1631 1389 versus

108 1414 227 1448 subtus
261 1416 478 1460 mmyineque
514 1417 726 1455 incrassata,
764 1427 871 1461 supra
909 1414 1160 1456 canaliculata,
1199 1414 1318 1449 subtus
1344 1422 1629 1460 qum-Jncrascente,

110 1475 266 1519 maraine
289 1474 494 1521 simpliciter
517 1475 615 1521 apice
639 1475 769 1521 duplici
793 1474 880 1508 serie
902 1474 1034 1508 viciata..

301 1535 412 1567 Riccia
449 1537 578 1568 tumida
613 1534 782 1569 Limlenb.
820 1534 919 1568 Rz’ec.
957 1534 979 1567 l.
1006 1547 1033 1567 e.
1065 1546 1101 1579 2²·
1128 1537 1210 1567 459.
1243 1545 1276 1566 π.
1308 1536 1362 1566 14.
1397 1538 1423 1567 t.
1450 1536 1507 1567 27.
1530 1534 1569 1578 f.
1597 1537 1631 1568 2.

384 1600 415 1627 et
438 1594 533 1640 App.
556 1606 593 1639 p.
621 1597 703 1628 504.
729 1605 760 1627 e.
784 1593 870 1637 (sub
895 1594 944 1628 R.
958 1593 1115 1637 elliam).
1167 1593 1259 1638 Hep.
1276 1593 1411 1637 Emup.
1432 1594 1510 1626 120.
1538 1604 1571 1625 η.
1599 1595 1631 1626 7.

387 1653 435 1686 Ν.
455 1653 498 1687 αἶ)
522 1653 570 1686 Ε.
598 1653 692 1699 Hep.
718 1653 808 1686 Eur.
845 1653 912 1686 IV.
935 1665 972 1698 p.
1001 1652 1128 1695 LXX,
1155 1655 1226 1686 390
1251 1659 1284 1686 et
1309 1654 1392 1685 407.
1419 1664 1452 1685 n.
1479 1654 1512 1685 6.

298 1713 409 1743 Riccia
439 1714 561 1751 ciliata,
591 1715 619 1745 l.
648 1714 769 1752 maior,
797 1712 854 1745 De
870 1712 1016 1746 Notaris
1034 1711 1260 1757 P7·1·112.Hep.
1288 1710 1364 1744 ital.
1385 1723 1422 1757 p.
1437 1713 1495 1746 69.
1519 1724 1553 1745 η.
1573 1713 1630 1745 86.

186 1771 219 1809 β,
248 1769 405 1811 linearis,
432 1772 564 1803 laciniis
591 1772 775 1802 linearibus
802 1772 925 1804 bifidis.

386 1830 433 1863 N.
460 1829 502 1863 ab
529 1830 574 1863 E.
603 1829 624 1863 l.
652 1842 738 1875 0.]1.
765 1833 848 1864 407.

382 1891 495 1921 Riccia
530 1891 639 1921 ciliata
674 1889 798 1923 Radslz'
833 1890 869 1923 z'n
898 1889 1022 1935 Opzcsc.
1049 1889 1195 1934 scientg'f.
1229 1889 1265 1922 (Ii
1294 1888 1375 1922 Bol.
1403 1889 1454 1922 II.
1486 1901 1521 1935 p.
1548 1892 1630 1923 352.

438 1960 472 1981 n.
500 1950 534 1981 4.
560 1953 587 1981 t.
615 1949 723 1993 16.f.
750 1951 786 1982 3.

203 2005 362 2041 Habitat
396 2005 495 2041 circa
529 2007 757 2042 Florentiam
794 2009 830 2041 in
858 2008 988 2042 Monte
1022 2008 1114 2049 ,.de'
1140 2006 1295 2042 Vechi“
1334 2007 1526 2051 (Balbis).
1587 2007 1630 2041 In

106 2065 256 2108 pascuis
276 2064 473 2100 Sardiniae
500 2070 536 2100 et
561 2066 598 2100 in
615 2067 726 2102 Italia
753 2067 916 2102 inferiori
943 2066 1124 2111 (Orsini):
1152 2067 1188 2101 in
1215 2067 1369 2101 Corsica
1394 2065 1457 2106 (de
1477 2065 1630 2100 Notaris

106 2126 142 2159 in
171 2126 247 2160 Hb.
279 2125 358 2169 N.).

477 2199 530 2230 14.
582 2197 766 2233 Βίοοὶα
792 2196 1073 2243 Bischosfii
1107 2195 1261 2230 Hiiben.

205 2266 253 2299 R.
272 2266 402 2311 fronde
426 2266 537 2300 solida
561 2268 712 2313 simplici
739 2268 884 2312 bq‘ficla'ce
909 2266 1271 2301 rotumlo-obcordata
1287 2268 1441 2312 (lesu-essa
1459 2274 1628 2312 punctam

107 2323 223 2359 subtus
243 2325 433 2368 concolor-e,
461 2327 618 2370 maryine
641 2327 919 2360 subaclscendente
937 2325 1245 2371 (membr-cmacea)
1262 2326 1474 2370 fusceseente
1494 2326 1627 2362 ciliata.

297 2386 409 2417 Riccia
446 2386 615 2417 Bischoffii
652 2384 823 2419 Lindenb.
852 2385 955 2420 Βίου.
983 2385 1006 2419 l.
1031 2398 1058 2419 c.
1089 2398 1127 2431 p.
1155 2388 1237 2418 462.
1263 2398 1297 2418 η.
1330 2388 1382 2419 15.
1409 2391 1433 2419 t.
1457 2389 1516 2420 28.
1531 2386 1569 2431 f.
1597 2388 1626 2421 I.

385 2431 486 2474 (cum
511 2433 666 2478 synon..)
718 2431 889 2478 Bisa-hoff
916 2432 938 2466 l.
972 2445 1000 2466 c.
1030 2445 1068 2478 p.
1098 2435 1202 2466 1064.
1230 2438 1254 2465 t.
1281 2435 1338 2466 71.
1353 2432 1392 2476 f.
1420 2433 1449 2466 I.
1508 2434 1556 2468 N.
1584 2435 1627 2468 ab

384 2480 430 2513 E.
464 2480 554 2526 Hep.
581 2480 674 2514 Eur.
711 2480 780 2514 IV.
800 2492 838 2525 p.
867 2479 997 2520 LXX,
1030 2483 1102 2514 390
1128 2486 1159 2512 et
1185 2482 1268 2513 409.
1294 2492 1328 2513 n.
1356 2483 1389 2514 7.
1456 2480 1560 2515 Walt.
1589 2485 1626 2516 in

386 2528 494 2562 Linn.
529 2527 642 2561 XIV.
676 2530 711 2561 6.
739 2540 778 2573 p
805 2530 888 2562 689.
922 2539 957 2561 n.
983 2530 1064 2561 358.
1126 2527 1183 2560 De
1210 2527 1358 2561 Notaris
1384 2527 1503 2562 Prim.
1533 2530 1626 2576 Hep.

383 2574 459 2610 ital.
480 2588 519 2621 p.
545 2578 603 2609 68.
629 2587 663 2608 η.
690 2578 748 2609 85.

205 2633 363 2668 Habitat
387 2634 479 2668 locis
505 2633 682 2669 montosis
711 2634 957 2668 Germaniae:
986 2634 1069 2675 „Im
1091 2632 1367 2675 Ludwigsthale
1386 2633 1444 2668 bei
1460 2634 1626 2670 Schries-

109 2693 204 2727 heim
232 2692 268 2726 in
294 2693 360 2726 der
386 2693 638 2736 Bergstrasse,
664 2693 802 2727 unweit
816 2693 1056 2737 Heidelberg,
1084 2693 1152 2727 auf
1171 2691 1430 2727 verwittertem
1447 2694 1626 2736 Granit;“

108 2752 303 2795 (Bischoff,
338 2753 506 2796 Braun)‚
545 2752 580 2786 in
617 2753 812 2798 gypsaceis
842 2752 1054 2796 Hercyniae
1088 2752 1272 2787 inferioris
1297 2751 1553 2797 (Wallrotb);
1588 2754 1625 2788 in

112 2810 253 2845 Gallia:
293 2810 611 2855 Schiefergebirge
645 2825 716 2848 von
753 2812 887 2857 Anjou.
929 2811 1104 2856 (Guepin
1146 2812 1184 2846 in
1219 2810 1335 2845 Herb.
1371 2812 1549 2857 Braun.);
1587 2813 1624 2847 in

110 2870 243 2904 Italiae
282 2880 371 2912 agro
406 2870 624 2905 Tauriuensi
665 2883 779 2916 prope
816 2871 1023 2916 Stupinigi,
1069 2871 1157 2906 locis
1192 2870 1358 2905 arenosis
1401 2871 1530 2917 (Usa),
1577 2873 1622 2906 ad

110 2929 243 2962 flumen
271 2927 381 2962 Stura
409 2930 471 2973 (de
502 2930 679 2977 Notaris).
