1824 3252
783 185 1027 230 Plagiochila.
1599 186 1670 218 629

147 315 184 349 p.
210 306 268 338 26.
416 306 452 341 5.
477 301 816 347 Plagiochila
835 301 1034 345 patula
1062 298 1109 333 N.
1137 298 1184 333 ab
1217 298 1255 333 E.
1283 300 1320 331 et
1345 296 1464 331 Mont.

245 362 462 406 Specimina
495 361 532 395 in
569 372 682 405 regno
709 361 911 394 Mexicano
948 370 971 393 a
1006 359 1051 393 cl.
1087 357 1247 392 Leiboid
1279 356 1377 391 lecta
1411 356 1550 390 habent
1583 355 1672 390 folia

147 422 402 456 subundulata
434 425 471 456 et
503 420 701 465 periantbii
736 421 832 454 alam
868 420 1072 453 dentatam.
1126 416 1296 462 Reliquis
1332 426 1419 450 vero
1445 415 1673 450 conveniunt

147 493 232 516 cum
256 483 386 527 planta
410 481 654 516 Jamaicensi.

146 566 184 599 p.
210 557 270 588 27.
441 556 465 587 5
481 553 517 586 b.
543 552 885 598 Plagiochila
897 549 1219 594 flexio-aulis
1245 548 1366 583 Mont.

244 612 306 646 Pl.
341 612 437 646 caule
477 618 611 658 repente
630 612 827 658 filifarmi,
862 611 971 644 ramis
1002 607 1279 643 adscendentibus
1313 607 1368 641 vel
1399 606 1673 642 decumbentibus

148 659 858 717 subdichotomo-prolffero-ramosissimis,
895 669 1041 703 ramulis
1061 667 1483 713 yeniculato-divaricatis
1507 668 1674 713 supremis

141 730 370 775 97·acillinzis‚
395 730 501 776 foliis
537 731 679 764 remotis
714 728 1019 764 semiverticalibus
1054 728 1203 762 obovatis
1239 734 1300 761 aut
1340 728 1672 762 dimidiato-ocutis

145 796 276 823 erecto-
285 789 488 836 patentibus
521 789 595 824 basi
631 790 761 824 dor-sali
794 787 1050 823 decurrentibus
1093 788 1248 832 margine
1283 786 1435 821 ventrali
1471 799 1613 821 convexo
1649 799 1673 821 a

146 850 256 883 medio
281 849 439 895 apiceque
463 848 517 883 vel
538 849 607 883 solo
632 851 728 895 apice
753 848 979 894 inaequaliter
1004 847 1241 888 denticulatis,
1276 846 1478 894 periantltio
1503 847 1540 880 in
1565 847 1674 880 ramis

145 907 322 941 terminali
345 920 423 941 mox
447 908 589 943 laterali
613 908 993 955 obovato-cuneifhrmz'
1028 921 1086 942 ore
1110 907 1258 941 dilatato
1284 919 1425 940 convexo
1452 906 1671 941 ciliato-den-

142 976 229 1012 tato,
264 968 321 1003 ala
343 968 453 1002 nulla.

338 1029 542 1070 Plagiochila
570 1030 755 1061 ssexicaulis
783 1027 898 1061 lilont.
927 1027 1019 1072 Hep.
1048 1025 1138 1061 Chil.
1165 1026 1201 1060 in
1220 1026 1300 1073 Gay
1326 1026 1424 1061 Hist.
1441 1027 1541 1072 flsic.
1560 1033 1672 1073 ynat.

424 1077 463 1109 de
489 1075 598 1111 Chilo.
626 1076 743 1109 inedit.

243 1135 345 1169 Inter
371 1146 520 1169 muscos
547 1135 586 1169 in
614 1135 711 1169 Chili
738 1134 890 1169 australi
916 1133 1060 1179 (Gay.).

147 1217 184 1250 p.
212 1208 271 1240 27.
322 1209 345 1240 5
366 1217 397 1239 c.
425 1207 763 1252 Plagioche‘la
788 1206 1167 1241 subcontracta
1198 1204 1319 1247 Ldbg.
1347 1207 1383 1237 et
1410 1202 1601 1237 Gottsche.

242 1265 305 1299 Pl.
332 1264 426 1298 caule
460 1272 618 1311 repente,
655 1267 764 1300 ramis
795 1263 1077 1298 adscendentibus
1100 1263 1269 1309 fleaeuosis
1301 1261 1672 1305 iterato-dichotomis,

133 1322 243 1368 foliis
269 1323 459 1357 imbricatis
495 1323 563 1356 late
597 1325 707 1357 ovatis
726 1323 926 1370 patentibus
959 1323 1056 1368 lonye
1088 1322 1342 1357 decurrentibus
1366 1322 1524 1367 nzaryine
1545 1320 1675 1355 dorsali

145 1382 491 1428 reflexo-convolutis
517 1384 770 1427 integerrimis,
802 1382 954 1417 ventrali
988 1383 1061 1416 basi
1091 1383 1225 1429 rzflea'is
1257 1383 1305 1416 ad
1327 1383 1456 1428 apicem
1473 1395 1579 1429 parce
1601 1395 1674 1416 ser-

142 1442 407 1483 rato-dentatis,
434 1442 529 1488 apice
552 1441 801 1477 subrotundato
826 1441 1057 1488 ‘inaequaliter
1075 1441 1416 1488 dentato-spinuloso‚
1431 1441 1563 1487 fructu
1590 1468 1597 1476 .
1628 1468 1635 1476 .

337 1501 506 1536 Liebman
533 1502 610 1535 Iter
636 1502 811 1536 lilexican.
837 1503 957 1536 incdit.

243 1561 404 1595 Habitat
431 1561 468 1595 in
498 1562 651 1596 Mexico
674 1562 719 1596 ad
750 1563 803 1596 La
831 1563 945 1605 Foya.
1636 1597 1640 1601 ,

242 1620 386 1654 Similis
408 1619 466 1654 Pl.
483 1621 673 1655 cucullatae
688 1621 888 1667 etpatulae‚
917 1627 1040 1655 tamen
1055 1621 1270 1655 charactere
1292 1619 1379 1653 dato
1394 1619 1671 1663 distinguenda.

147 1700 185 1733 p.
210 1691 271 1723 27.
377 1693 400 1724 6
420 1692 454 1726 b.
484 1694 824 1740 Plagiochila
851 1703 1013 1729 exesa
1037 1693 1158 1736 Ldbg.
1185 1696 1222 1726 et
1248 1691 1440 1725 Gottsche.

244 1748 307 1783 Pl.
342 1750 438 1784 caule
462 1759 616 1798 repente,
650 1754 760 1787 ramis
792 1753 1067 1788 adscendentibus
1100 1751 1286 1786 diclzotome
1307 1749 1675 1795 fastigyz'ato-ramosis

146 1806 294 1850 (rarius
318 1810 620 1858 simpliciusculis)
635 1813 741 1858 foliis
766 1814 933 1858 contiyuis
952 1812 1089 1859 patenti
1097 1810 1374 1855 -cliveoyentibus
1398 1808 1530 1854 oblique
1552 1810 1673 1850 orcztis,

147 1868 303 1911 maryine
337 1870 467 1903 dorsali
500 1871 732 1915 inteyerrimis
768 1873 925 1919 reficeris,
964 1874 1060 1918 apice
1092 1871 1195 1905 exesis
1225 1870 1279 1904 ‘vel
1314 1868 1496 1904 denticulis
1530 1869 1675 1902 minutis

146 1928 306 1968 creuatis,
333 1929 492 1973 maryine
517 1930 668 1964 ventrali
692 1943 759 1965 uno
785 1931 931 1965 alterove
955 1932 1051 1965 dente
1075 1930 1234 1971 armatis,
1249 1929 1381 1975 fructu
1404 1929 1441 1962 in
1466 1927 1674 1962 dicbotomz'a

145 1985 199 2019 vel
220 1986 360 2021 laterali
384 1987 510 2031 (unica
535 1990 756 2025 innovatione
772 1991 1018 2038 proveniente)
1038 1990 1236 2036 periantlzio
1261 1988 1399 2033 oblonyo
1422 1986 1558 2032 anyulis
1581 1999 1672 2021 com-

138 2057 254 2091 presso
278 2048 386 2081 medio
409 2049 519 2082 conice
543 2049 676 2095 inflato,
702 2063 760 2084 ore
783 2048 1239 2085 subrotundato-crenulato.

335 2106 504 2142 Liebman
530 2108 608 2142 Iter
633 2109 810 2145 DIexican.
836 2110 957 2144 inedit.

242 2165 402 2200 Habitat
428 2167 466 2201 in
499 2167 652 2202 Mexico
681 2169 780 2213 apud
809 2168 1094 2212 Sempoaltepec
1118 2165 1171 2210 (9
1208 2169 1246 2200 et
1272 2166 1344 2211 0⁷⁴)-

239 2224 421 2258 Proxima
448 2226 533 2260 huic
560 2232 617 2261 est
643 2228 704 2262 Pl.
733 2228 964 2273 Montaynei‚
1003 2237 1099 2272 quae
1124 2225 1325 2270 perianthii
1352 2224 1411 2258 ala
1438 2228 1474 2259 et
1500 2223 1670 2260 foliorum

144 2282 436 2318 denticulatione
463 2285 596 2320 differt.

144 2365 187 2396 p.
214 2356 273 2389 27.
348 2357 371 2388 6
387 2365 418 2388 c.
445 2356 783 2402 Plagiochila
807 2358 1133 2392 intemnedae‘a
1157 2356 1277 2400 Ldbg.
1305 2360 1342 2390 et
1367 2355 1559 2390 Gottsche.

241 2411 304 2446 Pl.
340 2413 437 2447 caule
470 2422 607 2460 repente
640 2416 996 2459 miricam-ramoso,
1031 2416 1140 2450 ramis
1169 2414 1413 2450 strictiusculis
1434 2413 1670 2461 fasciculatis‚

132 2470 242 2516 foliis
264 2472 419 2508 distichis
443 2475 611 2519 coiztiyuis
635 2474 990 2521 oblonyo-quadratis
1023 2477 1120 2522 apice
1152 2482 1312 2510 truncato
1344 2482 1376 2509 et
1408 2476 1566 2520 mar-aine
1589 2488 1669 2510 ‘cen-

146 2529 232 2563 trali
258 2529 322 2565 levi
347 2540 541 2567 curvatura
567 2534 768 2568 rectiusculo
794 2535 962 2576 dentatis,
999 2535 1128 2569 dorsali
1150 2534 1434 2579 subinteyerrimo
1457 2536 1583 2581 reflexo
1607 2535 1672 2570 levi

144 2600 228 2622 arcu
263 2591 300 2624 in
333 2592 466 2626 caulem
498 2594 730 2636 descendente,
757 2594 891 2639 fructu
921 2593 1100 2627 terminali
1131 2593 1185 2628 vel
1214 2595 1252 2628 in
1276 2594 1483 2628 dichotomia
1507 2594 1562 2628 vel
1584 2594 1666 2628 sub-

143 2649 293 2682 veniente
319 2651 538 2686 innui-atione
565 2653 719 2694 laterali,
739 2653 939 2699 periantlzio
956 2653 1200 2699 campanulato
1221 2652 1322 2687 labiis
1333 2654 1530 2699 compressis
1543 2654 1669 2700 anyulo

142 2707 273 2742 dorsalz'
300 2709 395 2744 alato
420 2711 479 2745 ala
506 2712 598 2746 brevi
623 2720 769 2757 anyusta
794 2714 890 2759 apice
915 2713 1204 2756 uni-tridentata,
1238 2724 1296 2747 ore
1317 2713 1620 2759 spinoso-dentato.

334 2769 505 2804 L'iebman
530 2771 608 2806 Iter
635 2772 810 2807 IVIeaeican.
838 2773 957 2807 incdit.

239 2826 400 2862 Habitat
425 2829 463 2863 in
490 2830 643 2866 Mexico
671 2832 719 2867 ad
746 2832 926 2867 Mirador.

238 2885 305 2920 Est
338 2888 444 2932 quasi
484 2889 709 2925 intermedia
741 2891 859 2926 forma
894 2891 990 2925 inter
1026 2890 1089 2926 Pl.
1122 2890 1358 2937 crispabilem,
1391 2891 1598 2938 Montaynei
1630 2896 1668 2927 et

141 2947 335 2989 distichum,
364 2947 411 2981 ab
437 2948 496 2983 his
523 2952 646 2984 tamen
673 2950 770 2986 notis
798 2951 868 2986 sibi
897 2950 1156 2986 constantibus
1182 2950 1343 2986 diversa.
