1824 3252
785 179 1032 226 Plagiocbila.
1593 181 1664 215 633

143 302 181 336 p.
208 294 268 326 33.
336 295 384 326 20
402 292 437 327 b.
475 290 815 340 Pldyiochila
836 297 1097 340 pleurata
1120 294 1226 339 Tayl.
1243 297 1282 329 et
1297 294 1374 329 Hk.
1389 294 1472 339 jun.

240 351 302 385 Pl.
329 351 426 386 caule
450 355 631 399 caespitoso
657 361 765 389 erecto
790 356 1007 397 suhramoso,
1028 354 1134 400 foliis
1169 355 1283 389 laxius
1315 353 1508 388 imbricatis
1539 358 1666 386 erecto-

137 410 338 457 patentibus
370 412 518 447 obovatis
551 413 793 449 obtusiusculis
834 416 964 461 apicem
1004 427 1119 449 versus
1152 414 1413 460 paucidentacis
1446 412 1518 446 basi
1556 424 1666 457 anqu-

143 471 257 513 statis,
283 471 440 516 maryine
465 474 635 508 anteriore
660 486 798 508 recurvo
825 476 1035 516 decurrente,
1046 474 1259 520 periantlciis
1274 473 1348 508 basi
1366 472 1468 507 nudis
1493 472 1666 517 elorzyato-

143 529 296 567 obovatis
319 532 468 573 costati-5¹,
494 545 553 566 ore
578 540 754 567 contracto
778 534 910 568 minute
935 533 1155 568 denticulato.

336 593 605 635 Jungermanuia
639 595 789 636 plenrata
826 593 958 640 Taylor
994 594 1085 640 Hep.
1122 599 1273 627 antarct.
1315 594 1352 626 in
1388 592 1500 626 Lond.
1536 591 1666 626 Journ.

423 651 470 696 of
488 651 554 686 bot.
583 654 686 686 1844.
705 665 745 698 p.
771 656 854 687 372.
880 667 916 687 η.
947 657 1002 689 13.

335 713 605 754 Juugermannia
641 714 796 755 pleurota
837 713 980 747 Hooker
1013 711 1175 758 Cryptoy.
1208 718 1357 746 antarct-
1389 723 1424 757 p.
1451 714 1511 746 36.
1545 723 1581 744 n.
1610 712 1666 744 15.

424 776 448 803 ι.
476 773 533 804 63,
549 770 589 816 f.
617 773 652 804 4.

241 828 401 863 Habitat
427 828 462 862 in
491 830 630 864 Insulis
649 830 861 873 Auckland‚
889 831 926 865 in
953 832 1057 867 saxis
1082 831 1180 874 udis,
1206 840 1322 875 prope
1348 829 1496 864 collium
1523 827 1668 872 apicem

147 891 243 925 unde
270 889 394 924 retulit
421 889 487 923 Dr.
515 889 669 923 Hooker
689 891 770 934 jun.

244 947 440 991 Caespites
475 949 601 992 plures
632 949 787 993 pollices
815 949 900 991 lati,
941 951 1100 984 obscure
1128 948 1319 983 straminei
1345 947 1492 982 coloris.
1544 945 1669 981 Cautes

145 1008 222 1042 sere
248 1008 468 1052 pollicares‚
502 1008 698 1051 subrigidi‚
726 1020 799 1043 uno
825 1010 988 1044 alterove
1015 1010 1157 1044 ramulo
1183 1005 1424 1052 pauciramei.
1475 1004 1580 1039 Folia
1603 1003 1664 1038 in-

146 1068 283 1102 feriora
310 1068 498 1102 interdum
526 1068 676 1102 unicum
704 1068 852 1103 dentem
879 1069 1044 1113 margine
1062 1069 1286 1114 producunt,
1314 1065 1505 1110 superiora
1525 1063 1671 1108 apicem

147 1138 276 1161 versus
303 1127 387 1170 plus
414 1127 584 1161 minusve
611 1127 864 1171 irregulariter
891 1129 1256 1169 menam-dentata,
1293 1126 1417 1161 omnia
1450 1122 1668 1164 conformia,

148 1186 256 1228 apice
283 1186 484 1220 rotundata
512 1186 593 1220 basi
632 1192 830 1230 angustata
865 1188 997 1222 leviter
1023 1188 1060 1221 in
1086 1188 1235 1222 dorsum
1263 1184 1511 1219 decurrentia.
1561 1183 1669 1216 Peri-

145 1244 305 1278 anthium
332 1255 350 1278 e
377 1245 474 1279 foliis
500 1246 833 1289 perichaetialibus
860 1247 1111 1282 conformibus
1139 1249 1298 1288 angusta
1326 1243 1405 1278 basi
1431 1244 1477 1277 ad
1505 1241 1668 1286 speciem

145 1304 247 1337 nuda
276 1305 382 1348 longe
410 1315 624 1348 emergens,
658 1309 817 1350 quatuor
843 1307 899 1340 vel
928 1306 1093 1351 quinque
1119 1305 1258 1340 carinis
1284 1315 1303 1338 e
1330 1302 1530 1348 perianthii
1563 1301 1672 1345 plicis

145 1363 338 1406 profundis
374 1365 464 1398 ortis
501 1365 670 1408 angustis
704 1366 847 1408 asperis
881 1367 1051 1410 planisve
1084 1365 1248 1408 (duobus
1276 1362 1456 1408 oppositis
1482 1360 1672 1395 interdum

145 1421 292 1466 opacis)
332 1434 550 1467 percursum
575 1424 613 1457 in
642 1429 842 1468 angustum
869 1426 944 1459 fere
971 1425 1143 1460 tubulare
1169 1436 1211 1460 os
1237 1423 1478 1463 terminatur;
1516 1419 1668 1465 perian-

149 1483 266 1518 thium
292 1487 480 1518 vetustum
507 1487 663 1528 utroque
689 1484 804 1518 latere
830 1485 995 1520 finditur.

245 1544 356 1578 Obs.
410 1544 438 1577 A
469 1543 695 1587 Playz'ocltila
716 1543 1019 1590 yymnoealyec'na,
1059 1543 1096 1577 in
1123 1554 1199 1588 qua
1225 1542 1336 1576 etiam
1364 1541 1475 1584 calyx
1501 1539 1609 1582 longe
1635 1543 1672 1574 et

148 1603 256 1648 quasi
284 1603 406 1637 nudus
434 1603 607 1645 emergit,
642 1602 765 1637 differt
798 1603 1006 1647 perianthio
1039 1607 1203 1644 costato,
1239 1601 1336 1636 foliis
1370 1600 1489 1642 magis
1522 1597 1672 1632 serratis

149 1668 186 1696 et
212 1666 356 1696 statura
382 1661 534 1696 maiore.

148 1754 184 1787 p.
212 1747 271 1777 33.
464 1746 511 1776 20
526 1754 558 1777 c.
597 1743 938 1788 Plccyioehila
965 1743 1213 1788 olo‘yodon
1238 1741 1358 1776 Mont.

245 1802 308 1836 Pl.
346 1802 440 1836 caule
473 1803 656 1835 innovanti
666 1802 902 1844 -dicltotomo‚
931 1802 1037 1848 foliis
1073 1801 1324 1848 adproximatz's
1355 1796 1674 1842 sulaimbricatisque

142 1861 344 1909 patentibus
369 1861 753 1906 dirizidiato-obloriyz's,
779 1863 935 1907 margyz'ne
959 1861 1088 1896 dorsali
1112 1868 1204 1895 recto
1228 1862 1361 1904 inteyro
1386 1858 1528 1903 instem,
1553 1868 1673 1902 supero

147 1933 290 1955 convexo
326 1922 485 1966 apiceque
523 1927 585 1954 ant
624 1922 719 1966 apic-e
758 1921 827 1955 solo
866 1921 1097 1966 inaequaliter
1129 1931 1305 1965 yrosseque
1348 1919 1672 1956 ‹lentato-serrato,

136 1982 269 2027 fructu
294 1980 474 2015 terminali
509 1980 562 2014 vel
594 1981 812 2015 innovatione
844 1981 1101 2027 superveniente
1137 1979 1273 2014 laterali
1304 1977 1533 2021 armarique,
1568 1974 1675 2020 foliis

146 2039 416 2075 involuerczlibus
454 2039 742 2084 omli-oblonyis
781 2041 913 2075 ambitu
959 2039 1179 2074 denticulatis
1216 2037 1456 2085 periantltium
1492 2033 1673 2078 oblonyum

148 2107 350 2135 truncatum
374 2113 431 2134 ore
455 2099 825 2146 spinuloso—dentatum
849 2099 1102 2146 superantibus.

339 2160 546 2202 Plagiochila
584 2160 749 2202 oligodon
788 2159 983 2204 Illorztayne
1020 2159 1058 2192 in
1091 2156 1225 2191 Annal.
1262 2157 1317 2190 cles
1346 2168 1391 2190 sc.
1417 2161 1535 2188 natur.
1565 2156 1670 2187 1845.

418 2230 457 2263 p.
483 2220 566 2251 348.
619 2217 717 2252 Cent.
742 2217 792 2252 V.
818 2230 854 2252 n.
881 2221 941 2252 65.

247 2278 352 2311 Inter
379 2276 549 2310 surculos
577 2276 835 2323 Hypopteryyii
862 2277 1016 2312 Thouini
1040 2277 1159 2311 Mont.
1195 2284 1329 2319 repens
1353 2276 1390 2306 et
1415 2282 1498 2306 cum
1533 2270 1579 2305 iis
1610 2270 1669 2305 iu-

148 2336 283 2372 tricata
309 2335 346 2369 in
374 2335 480 2369 Chile
507 2335 663 2369 australi
691 2336 823 2381 (Gay).

148 2440 184 2473 p.
212 2431 270 2462 33.
477 2429 536 2460 21.
580 2428 925 2473 Plagioehila
949 2428 1189 2462 rutilans
1215 2425 1335 2467 Ldbg.

148 2488 293 2523 Ambae
328 2487 469 2521 formae
504 2500 527 2520 αι
563 2491 600 2521 et
633 2487 655 2526 β
692 2487 811 2521 lectae
845 2491 934 2521 sunt
967 2486 1005 2520 in
1043 2496 1157 2529 regno
1185 2483 1389 2518 Mexicano
1414 2482 1460 2516 ad
1490 2480 1671 2523 Mirador,

244 2546 441 2581 Hacienda
466 2547 511 2582 de
527 2547 642 2587 Fovo,
671 2546 886 2590 Zacuapam
902 2545 1129 2588 (Liebman),
1159 2546 1272 2583 vanf?
1298 2553 1445 2588 quoque
1463 2541 1500 2575 in
1515 2541 1668 2575 Colum-

245 2607 307 2641 bia
345 2607 390 2642 ad
427 2606 576 2641 Merida
610 2605 808 2649 (Morstz),
858 2606 896 2639 in
939 2605 1069 2638 Insula
1102 2603 1171 2637 Sti.
1198 2602 1390 2637 vincentii
1421 2601 1517 2645 (Hb.
1553 2600 1670 2644 Hk.)‚

244 2665 282 2698 in
311 2665 439 2700 Insula
468 2665 645 2700 Bourbon
672 2664 766 2708 (Hb.
796 2665 849 2699 M.
877 2665 946 2699 sub
974 2675 1070 2698 nom.
1100 2661 1338 2708 Playioclzilae
1362 2660 1557 2703 distichae).

149 2755 186 2788 p.
212 2747 271 2779 33.
371 2748 411 2778 21
436 2745 472 2778 b.
510 2746 851 2792 Plagiochila
877 2745 1183 2780 actmzthoda
1208 2743 1327 2785 Ldbg.
1356 2744 1393 2775 et
1418 2741 1464 2775 G.

247 2803 309 2838 Pl.
337 2803 433 2837 caule
458 2812 607 2850 repente,
635 2805 744 2839 ramis
768 2803 1045 2839 adscendentibus
1068 2803 1254 2837 dichotome
1278 2800 1397 2835 divisis
1421 2798 1569 2834 ramulis
1591 2798 1670 2831 sub-

149 2861 374 2903 divaricatis,
399 2863 506 2907 foliis
540 2864 792 2910 adproximatz's
818 2862 1020 2910 patentibus
1054 2859 1500 2907 dirmyenti-deflexisque,
1538 2858 1672 2902 infimis

149 2921 369 2957 subrotunclis
401 2924 636 2969 superioribus
678 2925 785 2958 ovatis
819 2920 1213 2969 cavatoque-lanceolata
1244 2919 1318 2954 basi
1350 2919 1513 2963 utrinqne
1547 2917 1670 2956 decur-
