1824 3252
544 152 846 195 Thysananthus.
898 153 1168 197 Ptychanthus.
1549 161 1621 193 739

101 265 314 306 rotundatis,
343 264 543 310 per-ianthio
573 265 720 300 axillari
753 265 893 311 oblonqo
926 266 1063 311 anyulis
1086 268 1334 313 inteyerrimis,
1356 270 1466 315 foliis
1489 272 1621 306 involu-

99 323 250 358 cralibus
274 325 444 358 immersis
466 325 760 369 subinteyerrimis
784 325 1116 360 ovato-lanceolatis
1141 326 1262 362 lohulis
1287 328 1507 374 lamentatis,
1545 345 1620 367 am-

93 383 299 429 pltiyastriis
311 383 502 429 floralibus
526 383 676 428 elovzyate
700 383 850 418 obovatis
874 385 1232 429 emmyivzato-bficlis.

291 444 552 487 Thysananthus
581 444 778 475 scutellatus
809 443 913 488 Tayl.
932 444 1125 491 Nov,Hep.
1153 446 1189 479 in
1213 447 1326 481 Lonct.
1345 447 1472 483 Journ.
1495 449 1620 494 asbal.

380 505 483 537 1846.
504 514 542 547 p.
571 505 654 536 383.
681 514 716 535 η.
746 505 777 537 1.

196 559 359 594 Habitat
386 561 423 593 in
452 561 560 595 Nova
588 560 789 594 Zeelandia
814 561 942 603 (Allan
974 562 1235 604 Cunningliam
1262 563 1298 597 in
1323 563 1398 600 Hb.
1417 565 1621 610 Watsoni).

196 621 391 664 Caespites
427 620 511 661 lati,
549 624 714 654 saturate
748 619 918 653 olivacei.
978 620 1100 654 Cautes
1133 621 1208 656 sere
1241 623 1450 665 pollicares.
1502 624 1620 666 Folia,

101 677 235 712 areolis
263 679 420 722 magnis,
449 683 549 712 arcte
577 678 773 712 imbricata
802 679 1035 713 subdeflexa.
1085 680 1357 726 Ampliiyastria
1382 683 1446 717 vix
1469 683 1620 727 duplam

100 737 219 771 caulis
246 738 481 772 latitudinem
509 739 659 772 habent.
711 737 935 771 Involucrum
960 740 1138 782 pallidum
1166 741 1262 773 inter
1288 742 1484 784 perianthii
1514 744 1620 778 basin

98 803 135 831 et
164 798 322 841 primum
349 809 417 841 par
444 798 613 832 soliorum
641 798 829 831 caulinum
858 800 1007 832 omnino
1033 799 1174 840 latens,
1205 799 1395 834 dimidiam
1424 802 1620 844 periantliii

101 857 335 891 altitudinem
363 868 434 891 non
459 857 627 900 attingit;
655 858 742 891 folia
768 857 1013 891 involucralia
1037 863 1146 892 acuta
1168 859 1304 893 lobulis
1329 861 1564 897 acuminatis.

197 916 353 950 Accedit
387 917 478 950 haec
512 918 656 960 species
698 917 744 950 ad
783 917 850 950 Th.
885 917 1159 961 αημυξίὸνηιεηι,
1200 916 1264 950 sed
1293 918 1414 952 differt
1448 921 1619 955 foliorum

98 975 223 1008 lobulo
265 975 490 1016 rotundiori,
531 976 724 1009 involucro
761 975 941 1017 breviori,
969 976 1095 1010 lobulo
1122 977 1335 1010 acuminato
1361 982 1398 1011 et
1422 978 1619 1021 perianthii

97 1033 242 1076 angulis
270 1034 530 1078 integerrimis.

96 1116 131 1148 p.
159 1108 241 1139 289.
348 1108 383 1139 6.
430 1106 842 1151 Thysamwnthus
869 1106 1275 1149 ophiocephalus
1300 1107 1446 1150 Taylor.

196 1164 261 1197 le.
289 1164 386 1198 caule
411 1165 657 1210 subcaespitoso
680 1165 924 1210 procumbente
948 1178 1130 1210 compresso
1149 1178 1256 1211 parce
1276 1178 1410 1200 ramoso
1428 1179 1494 1212 per
1510 1170 1616 1201 inter-

94 1223 185 1257 valla
212 1230 402 1265 coarctato,
426 1223 533 1268 foliis
556 1224 709 1256 convexis
740 1230 835 1256 arcte
860 1223 1052 1257 imbricatis
1071 1225 1270 1269 patentibus
1294 1224 1445 1270 oblau-qis
1469 1227 1618 1271 inteyer-

94 1284 195 1316 rimis
219 1283 314 1328 apice
338 1283 534 1316 rotundatis
559 1282 709 1315 recurvis
743 1281 815 1315 basi
838 1283 1239 1328 sinuato·complicatis,
1276 1283 1397 1317 lobulis
1428 1285 1619 1319 maioribus

94 1343 202 1375 oratis
229 1342 390 1374 involutis
415 1348 512 1374 extus
538 1342 762 1381 unideutatis,
796 1342 1059 1387 ampliigastriis
1085 1342 1161 1375 lacre
1187 1342 1384 1376 imbricatis
1409 1345 1618 1378 tenuissimis

94 1402 253 1435 rotundis
280 1401 512 1445 intaeyerrimis
536 1401 631 1445 apice
655 1402 817 1442 recurvis,
841 1402 1032 1447 periacuiis
1058 1401 1297 1436 terminalibus
1321 1402 1484 1439 ovatibuS.

284 1460 543 1503 Tliysauanthns
572 1460 840 1504 ophioceplialus
871 1461 972 1507 Tayl.
1001 1462 1088 1495 Νου.
1116 1462 1209 1507 Hep.
1237 1463 1270 1496 in
1299 1463 1553 1497 Lomt..]ourn.
1580 1462 1624 1508 qf

368 1519 434 1553 bot.
467 1523 569 1554 1846.
590 1532 629 1565 p.
657 1523 740 1554 384.
767 1533 801 1554 n.
828 1523 862 1554 2.

187 1579 349 1612 Habitat
386 1578 423 1612 in
455 1578 586 1612 Novae
616 1579 841 1614 Zeelandiae
876 1579 967 1613 Sinu
997 1580 1210 1613 Insularum
1246 1580 1347 1623 (Bay
1373 1580 1416 1614 of
1437 1580 1614 1624 Islands),

93 1639 190 1671 unde
219 1639 342 1671 attulit
370 1638 437 1672 Dr.
468 1637 643 1672 Sinclair.

187 1698 382 1741 caespites
409 1697 625 1731 rufo-fusci.
678 1698 815 1731 Caules
843 1697 939 1731 ultra
967 1698 1138 1741 pollicem
1166 1698 1278 1741 longi,
1305 1700 1327 1740 ἐ
1346 1698 1408 1731 lin.
1435 1699 1510 1732 fere
1535 1699 1614 1740 lati,

92 1758 166 1791 sere
193 1759 383 1801 paralleli,
410 1767 568 1800 superne
596 1757 857 1798 canaliculati;
895 1758 1032 1791 novelli
1061 1758 1173 1791 annui
1204 1760 1310 1802 apice
1338 1759 1540 1797 attenuati,
1575 1764 1616 1791 ut

91 1818 217 1850 caules
244 1817 303 1851 hic
328 1816 415 1850 inde
441 1816 666 1859 strangulati
695 1820 916 1859 appareant.
966 1816 1073 1850 Folia
1101 1817 1232 1859 (etiam
1258 1819 1488 1861 humectata)
1515 1824 1614 1852 arcte

90 1877 304 1917 imbricata,
338 1877 456 1919 magis
484 1877 651 1920 patentia
679 1887 790 1920 quam
829 1877 941 1910 lobuli
976 1876 1100 1918 magni
1135 1882 1171 1909 et
1197 1877 1341 1911 tumidi.
1391 1878 1497 1911 Folia
1516 1878 1614 1924 peri-

85 1937 241 1983 {fontalia
265 1937 394 1971 brevia
417 1938 566 1978 obtusa,
593 1937 719 1971 lobulo
747 1936 854 1970 valde
881 1936 1023 1969 inflato.
1075 1934 1299 1969 luz-otacrum
1325 1943 1357 1969 et
1376 1936 1616 1982 periantlzium

88 1995 227 2039 ignota.
280 1996 391 2030 Color
418 1997 541 2037 ruber,
568 1996 688 2030 caulis
711 1995 967 2038 strangulatus
986 1999 1022 2028 et
1038 1995 1309 2029 canaliculatus
1336 1997 1431 2030 hanc
1453 1996 1615 2040 speciem

89 2055 183 2089 bene
210 2055 458 2099 distinguunt.
511 2056 661 2099 (Taylor
686 2056 709 2089 l.
736 2056 788 2099 c.)

616 2133 1082 2190 Ptychanthus.

89 2223 126 2256 p.
154 2215 237 2247 289.
269 2213 331 2246 lin.
358 2216 381 2247 6
415 2214 461 2247 ab
499 2214 644 2249 ultima.
695 2214 893 2248 Accedunt
919 2217 942 2247 2
968 2214 1113 2257 species
1139 2224 1280 2255 novae,
1314 2213 1429 2248 altera
1457 2225 1476 2246 e
1504 2214 1612 2248 Nova

234 2273 452 2315 Zeelandia,
481 2273 597 2307 altera
624 2285 643 2308 e
670 2274 856 2315 Malacca,
883 2278 924 2306 ut
950 2284 1047 2306 nunc
1076 2276 1096 2307 8
1123 2273 1268 2316 species
1295 2278 1405 2306 notae
1431 2273 1516 2307 sint.

89 2364 127 2397 p.
154 2355 239 2388 292.
336 2356 370 2388 7.
409 2354 774 2399 Ptychamthus
798 2354 978 2388 mollis
1006 2353 1158 2387 Hooker
1170 2354 1252 2397 jun.
1269 2357 1306 2387 et
1320 2354 1467 2398 Taylor.

186 2413 251 2446 Pt.
278 2411 372 2446 caute
396 2411 609 2458 subdisperso
635 2419 770 2459 repente
793 2425 875 2457 vaye
898 2413 1124 2457 subpianaw,
1148 2412 1253 2457 foliis
1277 2413 1470 2447 imbricatis
1488 2421 1613 2460 paten-

90 2471 181 2506 tibus
207 2473 521 2506 rotundato-ocutis
546 2471 673 2506 obtusis
700 2472 931 2517 inteyerrimis
956 2471 1030 2504 basi
1054 2471 1373 2517 sinuato-plicatis,
1399 2470 1510 2505 tobulo
1533 2471 1612 2506 sub-

88 2533 260 2576 quadrato
296 2531 370 2565 basi
402 2530 556 2565 involuto
588 2532 682 2577 apice
707 2533 884 2577 adpresso,
919 2530 1181 2576 ampliiyastriis
1204 2530 1394 2564 minoribus
1417 2532 1614 2565 rotundatis

89 2591 332 2637 inteyerrimis,
361 2591 560 2636 periantltio
586 2590 722 2624 laterali
747 2590 886 2624 obovato
911 2602 1048 2624 sursum
1073 2588 1211 2623 8-10-
1217 2590 1352 2635 plicato
1377 2590 1538 2635 tubifero.

281 2651 509 2695 Ptychanthus
550 2652 664 2682 mollis
708 2649 810 2696 Tayl.
851 2650 935 2684 Nov.
972 2649 1065 2695 Hep.
1100 2650 1138 2683 in
1170 2649 1282 2683 Lond.
1315 2649 1442 2683 Journ.
1475 2650 1520 2694 (ff
1545 2649 1611 2684 bot.

374 2711 475 2743 1846.
498 2721 534 2755 p.
561 2711 645 2743 384.
669 2720 705 2743 n.
737 2711 766 2743 1.

185 2767 346 2802 Habitat
372 2767 409 2801 in
438 2768 548 2803 Nova
575 2768 793 2809 Zeelandia,
817 2767 916 2802 inter
943 2767 1126 2802 Lichenes
1151 2766 1236 2810 (Dr.
1265 2767 1539 2812 Hookerjun.).

188 2825 311 2862 Cautes
337 2826 656 2869 rusco-olivacei‚
681 2827 853 2869 flexuosi,
883 2826 945 2861 vix
972 2831 1046 2860 tres
1073 2827 1191 2861 lineas
1218 2827 1454 2863 excedentes.
1506 2827 1613 2863 Folia

92 2887 194 2920 arcte
220 2885 429 2928 imbricata,
456 2886 619 2928 tumida,
645 2886 791 2930 tenuia,
820 2885 955 2921 areolis
979 2885 1124 2929 magnis
1150 2890 1187 2921 et
1212 2885 1410 2935 distinctis.
1459 2887 1610 2935 Amphi—

1244 2967 1339 2998 4⁷³
