1824 3252
126 181 200 214 360
795 175 990 220 Lejeunia.

491 293 568 326 118.
619 290 876 337 Dejeunia
900 290 1076 325 incisa
1102 290 1294 325 Gottschc.

222 364 265 397 L.
292 363 386 397 caule
410 369 544 409 repente
567 374 720 402 ramoso,
748 361 854 407 foliis
878 361 1073 394 imbricatis
1105 363 1213 395 ovatis
1243 362 1395 395 convexis
1425 362 1658 406 inteywrbnis

123 423 251 458 obtusis
282 423 376 468 apice
408 421 540 467 oblique
572 421 708 467 deflexis
743 421 900 465 maryiue
932 420 1082 454 ventrali
1115 420 1344 466 complicatis,
1384 421 1494 456 lobulo
1518 422 1657 468 oblouyo

123 482 219 528 apice
233 487 424 514 extrorsum
446 487 606 515 trzmcato
628 481 681 515 vel
698 482 734 514 iu
749 480 884 526 folium
906 487 1116 521 transeunte,
1139 480 1400 526 ampliiyastriis
1422 483 1526 528 triplo
1545 484 1655 517 mino-

123 541 221 574 ribus
252 542 421 584 conti‘yuis
450 540 675 575 subrotundis
708 539 969 575 decurrentibus
1002 539 1148 573 breviter
1185 547 1393 585 aizyusteque
1425 543 1656 586 emar-ainam-

123 602 243 634 incisis
268 599 427 634 (lentibus
452 601 577 641 acutis,
596 601 725 646 fructu
752 602 789 634 in
804 600 923 634 axillis
945 599 1063 639 sessili,
1083 600 1282 645 periautltio
1306 599 1445 635 obovato
1470 600 1654 647 subpeuta·

120 672 222 705 yono,
248 659 385 705 auyulis
411 659 612 694 lateralibus
638 659 719 694 latis
745 660 954 707 compressis.
1007 659 1169 693 Gottsclaee
1203 659 1294 693 [con.
1317 659 1463 705 Lejeun.
1481 660 1550 694 VI.
1573 664 1609 695 6.

222 730 383 764 Habitat
407 731 443 765 iu
471 731 568 765 Java
595 731 730 767 insula.
783 733 827 766 In
849 731 1038 767 Herbario
1068 731 1194 766 Neesii
1223 731 1354 765 aderat
1380 732 1418 765 in
1446 732 1567 766 torulo
1581 732 1657 777 Lej.

122 792 290 832 sordidae,
318 801 401 825 cum
418 790 611 825 Frullania
636 792 814 838 apiculata
843 797 879 826 et
899 792 1061 837 capulata
1089 796 1126 825 et
1141 791 1309 838 Herpetio
1336 792 1498 836 quodam
1526 793 1657 827 mixta.

223 850 585 894 Amphigaslriorum
622 852 707 886 sinu
741 852 813 886 levi
852 856 964 896 atque
1003 852 1138 886 obtuso
1175 851 1221 885 ab
1258 852 1432 885 omnibus
1472 852 1657 893 affinibus,

123 921 157 944 v.
185 921 216 944 c.
245 910 415 956 Lejeunia
439 911 632 945 maci-oloba
659 916 696 946 et
723 913 883 958 trapezia
911 911 967 946 vel
994 911 1132 945 sterilis
1158 911 1326 954 dignosci
1353 914 1488 955 potest.

441 1008 519 1039 119.
571 1005 834 1050 Lejcunia
860 1006 1188 1049 Hampeana
1216 1005 1336 1048 Ldbg.

220 1076 263 1110 L.
291 1076 387 1109 caule
412 1075 507 1110 brevi
532 1089 664 1110 ramoso
688 1084 841 1123 repente,
864 1077 970 1122 folii's
995 1077 1190 1111 imbricatis
1214 1076 1433 1111 verticalibus
1458 1077 1660 1112 orbiculatis

124 1136 358 1180 iuteyerrimis
390 1137 546 1180 maraine
572 1137 723 1170 ventrali
749 1136 821 1170 basi
854 1136 1066 1182 complicatis
1099 1136 1209 1170 lobulo
1236 1150 1359 1181 mayuo
1385 1144 1482 1170 ovato
1509 1137 1659 1172 itii-oluto

125 1195 162 1228 in
176 1194 311 1240 folium
336 1202 536 1229 eaecurreute
560 1196 615 1230 rel
638 1198 734 1242 apice
760 1198 1101 1233 exciso-unificatato.
1127 1197 1390 1242 anipltiyastriis
1414 1198 1661 1232 remotiusculis

124 1254 396 1288 oculi-rotundis
410 1255 517 1300 foliis
542 1255 648 1302 triplo
674 1256 865 1291 minoribus
891 1259 938 1291 ad
962 1259 1113 1291 mmlium
1140 1256 1257 1301 bffidis
1282 1258 1360 1290 sinu
1385 1256 1503 1290 latiori
1524 1257 1661 1291 laciniis

124 1314 332 1348 acuminatis
356 1314 634 1359 erectis‚fr1a·tu
661 1316 807 1349 (za-illari
834 1316 886 1350 cel
911 1319 943 1350 in
972 1316 1046 1350 basi
1067 1329 1244 1350 ramorum
1264 1316 1504 1362 sessili,jbliis
1526 1317 1658 1351 involu-

124 1373 276 1407 cralibus
292 1374 526 1420 couformibas
541 1375 718 1420 clonyntis,
739 1377 942 1422 periantlu'o
957 1376 1098 1410 obocato
1115 1388 1257 1422 superne
1273 1383 1372 1410 acute
1389 1377 1659 1422 quinquauyulo.

222 1447 265 1480 In
306 1446 446 1480 cortice
485 1446 692 1490 peruviano
731 1448 874 1482 invenit
912 1448 957 1482 cl.
996 1448 1145 1491 Hampe
1184 1452 1221 1481 et
1261 1448 1551 1482 communicavit
1589 1450 1660 1483 sub

126 1506 274 1541 nomine
301 1507 375 1552 sz.
391 1507 511 1552 flavae
540 1506 697 1540 mixtam
725 1519 808 1541 cum
837 1508 932 1542 alius
961 1507 1099 1551 speciei
1127 1507 1297 1541 frustulis
1325 1507 1418 1551 (Hb.
1446 1507 1493 1542 N.
1516 1508 1564 1541 ab
1588 1509 1659 1552 E.).

222 1565 349 1599 Affinis
369 1565 448 1612 Lej.
466 1566 734 1609 ῘΓαΠίΡΙιίαηαρ,
764 1569 941 1613 trapeziae
966 1571 1003 1601 et
1022 1566 1235 1609 imbricatae,
1263 1567 1329 1601 sed
1349 1571 1491 1601 statura
1516 1568 1658 1603 minore

125 1625 222 1660 soliis
243 1625 484 1660 verticalibus
507 1626 738 1670 orbiculatis,
767 1627 941 1662 densiore
968 1631 1119 1660 textura
1139 1631 1176 1660 et
1194 1626 1472 1671 amphigastriis
1499 1627 1660 1661 diversa.

497 1722 572 1755 120.
626 1721 889 1766 Lejeunta
917 1722 1068 1755 eluta
1096 1720 1142 1754 N.
1172 1721 1219 1754 ab
1247 1721 1291 1755 E.

220 1790 264 1824 L.
291 1791 389 1825 caule
414 1799 569 1838 repente,
605 1794 715 1826 ramis
735 1793 914 1838 pimzatim
928 1792 1152 1837 fasciculatis
1172 1793 1376 1838 sastiyiatis
1412 1793 1660 1839 decompositis,

113 1848 220 1894 foliis
244 1850 439 1885 imbricatis
475 1851 746 1897 subcontiyuisze
771 1853 972 1898 adplanatis
995 1853 1325 1887 orbiculato-ovatis
1349 1853 1443 1899 apice
1466 1852 1664 1898 subinflexis

124 1909 357 1953 iizteyerrimis
380 1910 500 1944 subtus
525 1911 747 1957 complicatis,
783 1912 894 1946 lobulo
920 1912 1104 1947 Iatiusculo
1128 1919 1225 1946 ovato
1251 1912 1485 1956 inteqerrimo,
1520 1912 1658 1958 amplii-

121 1969 270 2014 9astriis
283 1969 391 2014 foliis
415 1970 560 2004 dimidio
585 1971 780 2005 minoribus
811 1978 907 2005 arcte
939 1971 1133 2005 imbricatis
1159 1969 1542 2004 cordato-orbiculatis
1567 1971 1662 2015 apice

124 2027 537 2071 conniventi-bidmtatis,
552 2030 684 2075 fmctu
711 2030 850 2064 laterali
874 2030 1003 2072 sessili,
1034 2030 1241 2077 perichaetii
1254 2029 1361 2075 filiis
1386 2029 1501 2076 bifidis
1526 2030 1661 2076 amplii-

120 2087 321 2133 yastrioque
346 2089 508 2122 dentatis.
562 2089 722 2124 Gottsclaee
747 2090 843 2123 Icou.
872 2090 1017 2136 Lejeun.
1047 2090 1078 2124 Ι.
1109 2092 1164 2123 12.

318 2148 590 2190 Jungermaunia
618 2151 707 2181 eluta
736 2149 785 2184 N.
796 2148 840 2182 ab
850 2148 896 2182 E.
922 2150 957 2183 iu
973 2149 1090 2183 Mart.
1106 2148 1167 2182 Fl.
1182 2148 1290 2183 Bras.
1310 2148 1341 2182 Ι.
1358 2151 1438 2194 l.p.
1453 2150 1538 2182 362.
1551 2159 1588 2182 ⁷1.
1602 2150 1660 2182 47.

222 2216 384 2252 Habitat
410 2219 457 2252 ad
471 2218 612 2253 Villam
628 2219 785 2254 Riccam
805 2220 990 2255 Brasiliae
1017 2220 1054 2254 in
1081 2219 1274 2264 sylvaticis
1301 2219 1481 2263 glareosis
1500 2219 1661 2264 (Mart.).

227 2289 390 2324 Adnot.
443 2290 581 2325 Differt
607 2301 630 2325 a
657 2291 735 2338 Lej.
761 2293 939 2338 omniqua:
977 2291 1091 2326 ramis
1118 2291 1350 2326 fasciculatis
1377 2292 1497 2336 magis
1525 2292 1658 2336 adpla-

127 2348 225 2383 natis
251 2349 379 2393 paullo
405 2349 617 2393 latioribus,
644 2351 744 2387 foliis
772 2363 845 2387 non
871 2357 947 2386 tam
973 2351 1091 2387 dense
1118 2351 1348 2393 imbricatis,
1380 2350 1660 2396 ampbigastriis

126 2407 333 2443 maioribus
360 2409 443 2445 basi
469 2411 635 2446 cordatis
663 2412 769 2456 apice
796 2411 1017 2447 brevissime
1052 2412 1205 2455 incisis,
1244 2412 1419 2446 dentibus
1453 2411 1658 2446 conniven-

126 2466 228 2503 tibus
254 2480 325 2504 nec
351 2469 505 2515 patulis,
532 2471 593 2505 vel
620 2472 766 2513 saltem,
793 2477 834 2507 ut
859 2471 898 2507 in
925 2472 1016 2506 Var.
1046 2473 1068 2512 β
1093 2473 1216 2515 illius,
1243 2471 1465 2517 profundius
1492 2470 1659 2514 secretis,

127 2527 349 2571 perianthiis
375 2531 485 2565 valde
510 2531 750 2576 compressis.

470 2628 550 2659 121.
599 2626 866 2672 Dejeum‘a
891 2628 1095 2672 inflata
1122 2626 1171 2660 N.
1200 2626 1247 2660 ab
1274 2625 1319 2659 Ε.

223 2693 267 2727 L.
293 2694 392 2729 caule
425 2703 564 2743 repente
589 2709 696 2743 parce
726 2704 759 2732 et
784 2699 1014 2734 inordinatim
1038 2711 1194 2740 ramo-50,
1216 2698 1324 2744 foliis
1348 2706 1443 2733 arcte
1468 2697 1662 2733 imbricatis

125 2751 346 2789 subrotzmdis
370 2755 602 2801 inteyerrimis
626 2757 938 2803 inflato-convexis
969 2758 1090 2793 subtus
1115 2757 1289 2792 convoluto
1302 2778 1318 2785 -
1333 2757 1512 2800 lobulatis,
1550 2757 1662 2792 lobulo

126 2812 249 2858 iuflato
274 2820 493 2860 transeunte,
530 2816 791 2863 amplziqastriis
820 2817 1053 2863 subcontiyuis
1077 2817 1182 2864 triplo
1215 2818 1449 2865 quadruplove
1471 2816 1662 2852 minoribus

120 2871 244 2917 planis
267 2873 468 2910 orbiculatis
501 2875 727 2924 subrepandis
759 2877 952 2912 brevissime
981 2877 1166 2912 bidentatis
1200 2877 1362 2913 dentibus
1387 2878 1531 2924 sinuque
1556 2876 1657 2911 obtu-

124 2930 296 2980 siusculis,
309 2934 442 2981 fmctu
468 2962 477 2973 .
505 2962 514 2973 .
544 2963 553 2973 .
