<?xml version="1.0" encoding="UTF-8"?>
<!DOCTYPE html PUBLIC "-//W3C//DTD XHTML 1.0 Transitional//EN"
    "http://www.w3.org/TR/xhtml1/DTD/xhtml1-transitional.dtd">
<html xmlns="http://www.w3.org/1999/xhtml" xml:lang="en" lang="en">
 <head>
  <title>
</title>
<meta http-equiv="Content-Type" content="text/html;charset=utf-8" />
  <meta name='ocr-system' content='tesseract 3.04.00' />
  <meta name='ocr-capabilities' content='ocr_page ocr_carea ocr_par ocr_line ocrx_word'/>
</head>
<body>
  <div class='ocr_page' id='page_1' title='image "./synopsishepatica00gott_0101.png"; bbox 0 0 1824 3252; ppageno 0'>
   <div class='ocr_carea' id='block_1_1' title="bbox 761 180 1620 225">
    <p class='ocr_par' dir='ltr' id='par_1_1' title="bbox 761 180 1620 225">
     <span class='ocr_line' id='line_1_1' title="bbox 761 180 1620 225; baseline 0.003 -10"><span class='ocrx_word' id='word_1_1' title='bbox 761 180 961 225; x_wconf 80' lang='lat' dir='ltr'>Scapania.</span> <span class='ocrx_word' id='word_1_2' title='bbox 1575 188 1620 218; x_wconf 81' lang='grc'>67</span> 
     </span>
    </p>
   </div>
   <div class='ocr_carea' id='block_1_2' title="bbox 101 290 1622 637">
    <p class='ocr_par' dir='ltr' id='par_1_2' title="bbox 101 290 1622 637">
     <span class='ocr_line' id='line_1_2' title="bbox 103 290 1621 340; baseline 0.001 -10"><span class='ocrx_word' id='word_1_3' title='bbox 103 297 139 330; x_wconf 89' lang='lat' dir='ltr'><em>in</em></span> <span class='ocrx_word' id='word_1_4' title='bbox 175 294 321 340; x_wconf 88' lang='lat' dir='ltr'>alpibus</span> <span class='ocrx_word' id='word_1_5' title='bbox 355 293 526 339; x_wconf 85' lang='lat' dir='ltr'><strong>Apuanis</strong></span> <span class='ocrx_word' id='word_1_6' title='bbox 568 294 821 337; x_wconf 84' lang='lat' dir='ltr'><em>(Bertoloni);</em></span> <span class='ocrx_word' id='word_1_7' title='bbox 865 294 902 328; x_wconf 90' lang='lat' dir='ltr'>in</span> <span class='ocrx_word' id='word_1_8' title='bbox 944 290 1137 337; x_wconf 85' lang='lat' dir='ltr'>paludosis</span> <span class='ocrx_word' id='word_1_9' title='bbox 1176 292 1356 326; x_wconf 83' lang='lat' dir='ltr'><em>montium</em></span> <span class='ocrx_word' id='word_1_10' title='bbox 1400 293 1621 331; x_wconf 77' lang='lat' dir='ltr'>Provinciae</span> 
     </span>
     <span class='ocr_line' id='line_1_3' title="bbox 104 351 1620 399; baseline -0.001 -10"><span class='ocrx_word' id='word_1_11' title='bbox 104 354 347 390; x_wconf 84' lang='lat' dir='ltr'>Novariensis</span> <span class='ocrx_word' id='word_1_12' title='bbox 374 353 438 395; x_wconf 90' lang='lat' dir='ltr'>(de</span> <span class='ocrx_word' id='word_1_13' title='bbox 465 353 654 399; x_wconf 84' lang='lat' dir='ltr'>Notaris);</span> <span class='ocrx_word' id='word_1_14' title='bbox 681 353 719 388; x_wconf 90' lang='lat' dir='ltr'>in</span> <span class='ocrx_word' id='word_1_15' title='bbox 747 354 982 398; x_wconf 86' lang='lat' dir='ltr'><em>Peloponeso</em></span> <span class='ocrx_word' id='word_1_16' title='bbox 1009 353 1128 396; x_wconf 86' lang='lat' dir='ltr'><em>(Bory</em></span> <span class='ocrx_word' id='word_1_17' title='bbox 1156 351 1201 386; x_wconf 87' lang='lat' dir='ltr'>de</span> <span class='ocrx_word' id='word_1_18' title='bbox 1229 352 1284 386; x_wconf 86' lang='lat' dir='ltr'>St.</span> <span class='ocrx_word' id='word_1_19' title='bbox 1310 352 1434 396; x_wconf 89' lang='lat' dir='ltr'>Vinc.)</span> <span class='ocrx_word' id='word_1_20' title='bbox 1488 353 1620 388; x_wconf 77' lang='lat' dir='ltr'>Forma</span> 
     </span>
     <span class='ocr_line' id='line_1_4' title="bbox 103 411 1620 459; baseline 0 -11"><span class='ocrx_word' id='word_1_21' title='bbox 103 415 198 448; x_wconf 70' lang='lat' dir='ltr'>Ae*</span> <span class='ocrx_word' id='word_1_22' title='bbox 224 414 412 449; x_wconf 64' lang='lat' dir='ltr'><em>clalorotica</em></span> <span class='ocrx_word' id='word_1_23' title='bbox 441 424 524 455; x_wconf 80' lang='lat' dir='ltr'>„am</span> <span class='ocrx_word' id='word_1_24' title='bbox 553 413 809 447; x_wconf 86' lang='lat' dir='ltr'>Sclmeeloch“</span> <span class='ocrx_word' id='word_1_25' title='bbox 846 413 1048 457; x_wconf 83' lang='lat' dir='ltr'>speluncae</span> <span class='ocrx_word' id='word_1_26' title='bbox 1085 411 1394 446; x_wconf 80' lang='lat' dir='ltr'>ssaumannianae</span> <span class='ocrx_word' id='word_1_27' title='bbox 1429 413 1620 459; x_wconf 85' lang='lat' dir='ltr'>(Hampe).</span> 
     </span>
     <span class='ocr_line' id='line_1_5' title="bbox 103 470 1622 518; baseline 0 -12"><span class='ocrx_word' id='word_1_28' title='bbox 103 474 136 506; x_wconf 89' lang='lat' dir='ltr'><strong><em>A</em></strong></span> <span class='ocrx_word' id='word_1_29' title='bbox 157 483 178 503; x_wconf 80' lang='grc' dir='ltr'>οι</span> <span class='ocrx_word' id='word_1_30' title='bbox 205 473 328 507; x_wconf 86' lang='lat' dir='ltr'><em>colore</em></span> <span class='ocrx_word' id='word_1_31' title='bbox 355 483 461 508; x_wconf 87' lang='lat' dir='ltr'><em>roseo</em></span> <span class='ocrx_word' id='word_1_32' title='bbox 488 473 534 506; x_wconf 93' lang='lat' dir='ltr'>ad</span> <span class='ocrx_word' id='word_1_33' title='bbox 562 476 790 507; x_wconf 80' lang='lat' dir='ltr'>catarractas</span> <span class='ocrx_word' id='word_1_34' title='bbox 818 471 986 506; x_wconf 88' lang='lat' dir='ltr'>Tallulae</span> <span class='ocrx_word' id='word_1_35' title='bbox 1015 470 1209 504; x_wconf 75' lang='lat' dir='ltr'>Americae</span> <span class='ocrx_word' id='word_1_36' title='bbox 1236 474 1412 514; x_wconf 82' lang='lat' dir='ltr'>septentr.</span> <span class='ocrx_word' id='word_1_37' title='bbox 1441 472 1532 515; x_wconf 87' lang='lat' dir='ltr'>(Hb.</span> <span class='ocrx_word' id='word_1_38' title='bbox 1556 473 1622 518; x_wconf 92' lang='lat' dir='ltr'>H.)</span> 
     </span>
     <span class='ocr_line' id='line_1_6' title="bbox 102 530 1622 577; baseline 0.001 -11"><span class='ocrx_word' id='word_1_39' title='bbox 102 533 144 566; x_wconf 91' lang='lat' dir='ltr'>In</span> <span class='ocrx_word' id='word_1_40' title='bbox 171 532 328 575; x_wconf 84' lang='lat' dir='ltr'>imperio</span> <span class='ocrx_word' id='word_1_41' title='bbox 356 532 558 577; x_wconf 79' lang='lat' dir='ltr'>Mexicano</span> <span class='ocrx_word' id='word_1_42' title='bbox 587 532 682 575; x_wconf 85' lang='lat' dir='ltr'>(var.</span> <span class='ocrx_word' id='word_1_43' title='bbox 711 531 849 576; x_wconf 78' lang='grc' dir='ltr'><strong>Ββ2).</strong></span> <span class='ocrx_word' id='word_1_44' title='bbox 901 531 1004 564; x_wconf 86' lang='lat' dir='ltr'>Inter</span> <span class='ocrx_word' id='word_1_45' title='bbox 1039 539 1186 563; x_wconf 89' lang='lat' dir='ltr'>muscos</span> <span class='ocrx_word' id='word_1_46' title='bbox 1213 530 1435 565; x_wconf 79' lang='lat' dir='ltr'>Mexicanos</span> <span class='ocrx_word' id='word_1_47' title='bbox 1469 532 1622 567; x_wconf 85' lang='lat' dir='ltr'>inventa</span> 
     </span>
     <span class='ocr_line' id='line_1_7' title="bbox 101 588 1570 637; baseline -0.001 -12"><span class='ocrx_word' id='word_1_48' title='bbox 101 595 157 625; x_wconf 88' lang='lat' dir='ltr'>est</span> <span class='ocrx_word' id='word_1_49' title='bbox 182 591 276 634; x_wconf 86' lang='lat' dir='ltr'>(Hb.</span> <span class='ocrx_word' id='word_1_50' title='bbox 308 592 384 637; x_wconf 67' lang='grc' dir='ltr'>Η),</span> <span class='ocrx_word' id='word_1_51' title='bbox 411 592 448 625; x_wconf 91' lang='lat' dir='ltr'><em>in</em></span> <span class='ocrx_word' id='word_1_52' title='bbox 479 591 622 625; x_wconf 88' lang='lat' dir='ltr'>Insulis</span> <span class='ocrx_word' id='word_1_53' title='bbox 650 589 822 625; x_wconf 86' lang='lat' dir='ltr'>Canariis</span> <span class='ocrx_word' id='word_1_54' title='bbox 849 589 978 623; x_wconf 88' lang='lat' dir='ltr'>eadem</span> <span class='ocrx_word' id='word_1_55' title='bbox 1007 588 1122 622; x_wconf 86' lang='lat' dir='ltr'>forma</span> <span class='ocrx_word' id='word_1_56' title='bbox 1147 588 1306 633; x_wconf 87' lang='lat' dir='ltr'>(Webb.</span> <span class='ocrx_word' id='word_1_57' title='bbox 1334 589 1371 622; x_wconf 90' lang='lat' dir='ltr'><em>in</em></span> <span class='ocrx_word' id='word_1_58' title='bbox 1400 589 1474 624; x_wconf 87' lang='lat' dir='ltr'>Hb.</span> <span class='ocrx_word' id='word_1_59' title='bbox 1504 590 1570 634; x_wconf 94' lang='lat' dir='ltr'>M.)</span> 
     </span>
    </p>
   </div>
   <div class='ocr_carea' id='block_1_3' title="bbox 89 682 1620 2413">
    <p class='ocr_par' dir='ltr' id='par_1_3' title="bbox 412 682 1303 730">
     <span class='ocr_line' id='line_1_8' title="bbox 412 682 1303 730; baseline -0.006 -9"><span class='ocrx_word' id='word_1_60' title='bbox 412 689 445 721; x_wconf 89' lang='grc'>8.</span> <span class='ocrx_word' id='word_1_61' title='bbox 497 685 769 730; x_wconf 73' lang='lat' dir='ltr'>Scapania</span> <span class='ocrx_word' id='word_1_62' title='bbox 803 685 1074 730; x_wconf 64' lang='lat' dir='ltr'><em>uliginosa</em></span> <span class='ocrx_word' id='word_1_63' title='bbox 1110 682 1158 717; x_wconf 94' lang='lat' dir='ltr'>N.</span> <span class='ocrx_word' id='word_1_64' title='bbox 1186 683 1232 716; x_wconf 87' lang='lat' dir='ltr'>ab</span> <span class='ocrx_word' id='word_1_65' title='bbox 1260 683 1303 717; x_wconf 90' lang='lat' dir='ltr'>E.</span> 
     </span>
    </p>

    <p class='ocr_par' dir='ltr' id='par_1_4' title="bbox 93 741 1620 1026">
     <span class='ocr_line' id='line_1_9' title="bbox 195 741 1620 790; baseline 0.004 -12"><span class='ocrx_word' id='word_1_66' title='bbox 195 744 255 779; x_wconf 86' lang='lat' dir='ltr'>Sc.</span> <span class='ocrx_word' id='word_1_67' title='bbox 279 743 386 790; x_wconf 79' lang='lat' dir='ltr'><em>foliis</em></span> <span class='ocrx_word' id='word_1_68' title='bbox 418 745 656 790; x_wconf 49' lang='lat' dir='ltr'>&amp;meyer-rimis</span> <span class='ocrx_word' id='word_1_69' title='bbox 690 744 854 789; x_wconf 75' lang='lat' dir='ltr'><em>riyidulis</em></span> <span class='ocrx_word' id='word_1_70' title='bbox 882 743 1060 789; x_wconf 77' lang='lat' dir='ltr'><em>profunde</em></span> <span class='ocrx_word' id='word_1_71' title='bbox 1093 741 1323 786; x_wconf 81' lang='lat' dir='ltr'>inaequaliter</span> <span class='ocrx_word' id='word_1_72' title='bbox 1355 741 1494 787; x_wconf 74' lang='lat' dir='ltr'>bilobis,</span> <span class='ocrx_word' id='word_1_73' title='bbox 1536 747 1620 783; x_wconf 63' lang='grc' dir='ltr'>ῖοῦὼι</span> 
     </span>
     <span class='ocr_line' id='line_1_10' title="bbox 99 800 1620 852; baseline 0.002 -16"><span class='ocrx_word' id='word_1_74' title='bbox 99 804 313 846; x_wconf 65' lang='lat' dir='ltr'><em>rotundatis,</em></span> <span class='ocrx_word' id='word_1_75' title='bbox 352 803 503 838; x_wconf 85' lang='lat' dir='ltr'><em>ventrali</em></span> <span class='ocrx_word' id='word_1_76' title='bbox 546 816 689 838; x_wconf 76' lang='lat' dir='ltr'><em>convexo</em></span> <span class='ocrx_word' id='word_1_77' title='bbox 721 802 1008 837; x_wconf 71' lang='lat' dir='ltr'>subtransversali</span> <span class='ocrx_word' id='word_1_78' title='bbox 1042 807 1206 846; x_wconf 81' lang='lat' dir='ltr'>patente,</span> <span class='ocrx_word' id='word_1_79' title='bbox 1256 800 1388 834; x_wconf 62' lang='lat' dir='ltr'>dor-sali</span> <span class='ocrx_word' id='word_1_80' title='bbox 1426 805 1620 852; x_wconf 80' lang='lat' dir='ltr'><em>quadruplo</em></span> 
     </span>
     <span class='ocr_line' id='line_1_11' title="bbox 97 859 1620 907; baseline 0.004 -13"><span class='ocrx_word' id='word_1_81' title='bbox 97 862 226 895; x_wconf 75' lang='lat' dir='ltr'><em>minori</em></span> <span class='ocrx_word' id='word_1_82' title='bbox 257 862 445 907; x_wconf 68' lang='lat' dir='ltr'><em>reniformi</em></span> <span class='ocrx_word' id='word_1_83' title='bbox 457 861 643 906; x_wconf 81' lang='lat' dir='ltr'><em>fornicato</em></span> <span class='ocrx_word' id='word_1_84' title='bbox 669 861 902 902; x_wconf 77' lang='lat' dir='ltr'>incumbente,</span> <span class='ocrx_word' id='word_1_85' title='bbox 937 859 1109 894; x_wconf 73' lang='lat' dir='ltr'><em>involucri</em></span> <span class='ocrx_word' id='word_1_86' title='bbox 1132 859 1239 905; x_wconf 79' lang='lat' dir='ltr'><em>foliis</em></span> <span class='ocrx_word' id='word_1_87' title='bbox 1271 860 1503 905; x_wconf 74' lang='lat' dir='ltr'>conformibus</span> <span class='ocrx_word' id='word_1_88' title='bbox 1536 866 1620 900; x_wconf 81' lang='lat' dir='ltr'><em>lobis</em></span> 
     </span>
     <span class='ocr_line' id='line_1_12' title="bbox 97 918 1615 966; baseline 0.004 -13"><span class='ocrx_word' id='word_1_89' title='bbox 97 921 344 965; x_wconf 69' lang='lat' dir='ltr'>inteyerrimis,</span> <span class='ocrx_word' id='word_1_90' title='bbox 369 920 567 966; x_wconf 74' lang='lat' dir='ltr'><em>periantlcio</em></span> <span class='ocrx_word' id='word_1_91' title='bbox 593 920 768 955; x_wconf 78' lang='lat' dir='ltr'><em>involucro</em></span> <span class='ocrx_word' id='word_1_92' title='bbox 793 920 924 954; x_wconf 81' lang='lat' dir='ltr'><em>maiore</em></span> <span class='ocrx_word' id='word_1_93' title='bbox 949 918 1119 962; x_wconf 80' lang='lat' dir='ltr'><em>(iuvenili</em></span> <span class='ocrx_word' id='word_1_94' title='bbox 1144 918 1332 965; x_wconf 68' lang='lat' dir='ltr'><em>effoetoque</em></span> <span class='ocrx_word' id='word_1_95' title='bbox 1343 919 1615 964; x_wconf 79' lang='lat' dir='ltr'><em>plicato-trian-</em></span> 
     </span>
     <span class='ocr_line' id='line_1_13' title="bbox 93 978 694 1026; baseline 0.003 -14"><span class='ocrx_word' id='word_1_96' title='bbox 93 978 250 1026; x_wconf 69' lang='lat' dir='ltr'><em>yuhcri),</em></span> <span class='ocrx_word' id='word_1_97' title='bbox 277 979 373 1014; x_wconf 82' lang='lat' dir='ltr'><em>caule</em></span> <span class='ocrx_word' id='word_1_98' title='bbox 396 986 496 1026; x_wconf 75' lang='lat' dir='ltr'>saepe</span> <span class='ocrx_word' id='word_1_99' title='bbox 510 980 694 1025; x_wconf 79' lang='lat' dir='ltr'><em>fluitante.</em></span> 
     </span>
    </p>

    <p class='ocr_par' dir='ltr' id='par_1_5' title="bbox 176 1036 1616 1373">
     <span class='ocr_line' id='line_1_14' title="bbox 288 1036 1616 1083; baseline 0.003 -12"><span class='ocrx_word' id='word_1_100' title='bbox 288 1040 493 1083; x_wconf 80' lang='lat' dir='ltr'>Plagiochila</span> <span class='ocrx_word' id='word_1_101' title='bbox 530 1041 698 1081; x_wconf 78' lang='lat' dir='ltr'>uliginosa</span> <span class='ocrx_word' id='word_1_102' title='bbox 734 1038 790 1071; x_wconf 90' lang='lat' dir='ltr'>M.</span> <span class='ocrx_word' id='word_1_103' title='bbox 828 1044 858 1072; x_wconf 76' lang='lat' dir='ltr'>et</span> <span class='ocrx_word' id='word_1_104' title='bbox 897 1037 945 1071; x_wconf 89' lang='lat' dir='ltr'>N.</span> <span class='ocrx_word' id='word_1_105' title='bbox 982 1037 1020 1070; x_wconf 83' lang='lat' dir='ltr'><em>in</em></span> <span class='ocrx_word' id='word_1_106' title='bbox 1050 1037 1098 1071; x_wconf 91' lang='lat' dir='ltr'>N.</span> <span class='ocrx_word' id='word_1_107' title='bbox 1131 1037 1173 1071; x_wconf 83' lang='lat' dir='ltr'>ab</span> <span class='ocrx_word' id='word_1_108' title='bbox 1201 1036 1248 1071; x_wconf 87' lang='lat' dir='ltr'>E.</span> <span class='ocrx_word' id='word_1_109' title='bbox 1283 1037 1377 1082; x_wconf 79' lang='lat' dir='ltr'>Hep.</span> <span class='ocrx_word' id='word_1_110' title='bbox 1412 1039 1505 1074; x_wconf 86' lang='lat' dir='ltr'><em>Eur.</em></span> <span class='ocrx_word' id='word_1_111' title='bbox 1542 1043 1616 1077; x_wconf 86' lang='lat' dir='ltr'>III.</span> 
     </span>
     <span class='ocr_line' id='line_1_15' title="bbox 367 1096 901 1143; baseline -0.004 -12"><span class='ocrx_word' id='word_1_112' title='bbox 367 1109 406 1143; x_wconf 80' lang='lat' dir='ltr'>p.</span> <span class='ocrx_word' id='word_1_113' title='bbox 431 1100 516 1133; x_wconf 82' lang='lat'>522.</span> <span class='ocrx_word' id='word_1_114' title='bbox 546 1097 616 1131; x_wconf 89' lang='lat' dir='ltr'>IV.</span> <span class='ocrx_word' id='word_1_115' title='bbox 637 1109 675 1143; x_wconf 82' lang='lat' dir='ltr'>p.</span> <span class='ocrx_word' id='word_1_116' title='bbox 701 1096 901 1130; x_wconf 89' lang='lat' dir='ltr'><strong>XXXVI.</strong></span> 
     </span>
     <span class='ocr_line' id='line_1_16' title="bbox 288 1154 1615 1203; baseline 0.005 -14"><span class='ocrx_word' id='word_1_117' title='bbox 288 1158 557 1200; x_wconf 81' lang='lat' dir='ltr'>Jungermannia</span> <span class='ocrx_word' id='word_1_118' title='bbox 590 1159 757 1200; x_wconf 79' lang='lat' dir='ltr'>uliginosa</span> <span class='ocrx_word' id='word_1_119' title='bbox 793 1156 864 1190; x_wconf 73' lang='lat' dir='ltr'><em>Sto.</em></span> <span class='ocrx_word' id='word_1_120' title='bbox 903 1155 951 1189; x_wconf 89' lang='lat' dir='ltr'>N.</span> <span class='ocrx_word' id='word_1_121' title='bbox 979 1154 1020 1188; x_wconf 82' lang='lat' dir='ltr'>ab</span> <span class='ocrx_word' id='word_1_122' title='bbox 1049 1154 1095 1190; x_wconf 88' lang='lat' dir='ltr'>E.</span> <span class='ocrx_word' id='word_1_123' title='bbox 1136 1155 1229 1201; x_wconf 81' lang='lat' dir='ltr'>Hep.</span> <span class='ocrx_word' id='word_1_124' title='bbox 1266 1155 1356 1189; x_wconf 81' lang='lat' dir='ltr'><em>Eur.</em></span> <span class='ocrx_word' id='word_1_125' title='bbox 1403 1157 1431 1190; x_wconf 88' lang='lat' dir='ltr'>I.</span> <span class='ocrx_word' id='word_1_126' title='bbox 1463 1170 1499 1203; x_wconf 78' lang='lat' dir='ltr'>p.</span> <span class='ocrx_word' id='word_1_127' title='bbox 1540 1163 1615 1202; x_wconf 86' lang='grc'><strong>198,</strong></span> 
     </span>
     <span class='ocr_line' id='line_1_17' title="bbox 375 1205 1569 1267; baseline 0.002 -13"><span class='ocrx_word' id='word_1_128' title='bbox 375 1222 456 1254; x_wconf 84' lang='grc'><strong>175.</strong></span> <span class='ocrx_word' id='word_1_129' title='bbox 481 1231 516 1253; x_wconf 86' lang='lat' dir='ltr'>n.</span> <span class='ocrx_word' id='word_1_130' title='bbox 546 1222 602 1257; x_wconf 74' lang='lat'>11,</span> <span class='ocrx_word' id='word_1_131' title='bbox 653 1205 802 1264; x_wconf 52' lang='grc' dir='ltr'>ληρεῖν.</span> <span class='ocrx_word' id='word_1_132' title='bbox 830 1220 867 1253; x_wconf 81' lang='lat' dir='ltr'><em>in</em></span> <span class='ocrx_word' id='word_1_133' title='bbox 893 1218 1108 1254; x_wconf 72' lang='lat' dir='ltr'><em>Lindblom’s</em></span> <span class='ocrx_word' id='word_1_134' title='bbox 1135 1220 1278 1254; x_wconf 84' lang='lat' dir='ltr'>Notiser</span> <span class='ocrx_word' id='word_1_135' title='bbox 1312 1220 1424 1255; x_wconf 88' lang='lat' dir='ltr'>VIII.</span> <span class='ocrx_word' id='word_1_136' title='bbox 1447 1235 1485 1267; x_wconf 78' lang='lat' dir='ltr'>p.</span> <span class='ocrx_word' id='word_1_137' title='bbox 1512 1229 1569 1260; x_wconf 86' lang='lat'>96.</span> 
     </span>
     <span class='ocr_line' id='line_1_18' title="bbox 176 1280 1267 1322; baseline 0.001 -12"><span class='ocrx_word' id='word_1_138' title='bbox 176 1291 208 1318; x_wconf 77' lang='grc' dir='ltr'>α,</span> <span class='ocrx_word' id='word_1_139' title='bbox 236 1280 330 1311; x_wconf 89' lang='lat' dir='ltr'>caule</span> <span class='ocrx_word' id='word_1_140' title='bbox 358 1292 495 1311; x_wconf 85' lang='lat' dir='ltr'>ramoso</span> <span class='ocrx_word' id='word_1_141' title='bbox 524 1280 927 1322; x_wconf 77' lang='lat' dir='ltr'>dichotomo-sastigiat0‚</span> <span class='ocrx_word' id='word_1_142' title='bbox 953 1280 1043 1311; x_wconf 87' lang='lat' dir='ltr'>foliis</span> <span class='ocrx_word' id='word_1_143' title='bbox 1069 1281 1267 1313; x_wconf 73' lang='lat' dir='ltr'>imbricatis.</span> 
     </span>
     <span class='ocr_line' id='line_1_19' title="bbox 376 1337 673 1373; baseline 0.003 -1"><span class='ocrx_word' id='word_1_144' title='bbox 376 1338 425 1372; x_wconf 89' lang='lat' dir='ltr'>N.</span> <span class='ocrx_word' id='word_1_145' title='bbox 452 1338 494 1372; x_wconf 80' lang='lat' dir='ltr'>ab</span> <span class='ocrx_word' id='word_1_146' title='bbox 522 1338 568 1372; x_wconf 91' lang='grc' dir='ltr'>Ε.</span> <span class='ocrx_word' id='word_1_147' title='bbox 596 1337 618 1371; x_wconf 88' lang='lat' dir='ltr'>l.</span> <span class='ocrx_word' id='word_1_148' title='bbox 645 1351 673 1373; x_wconf 85' lang='lat' dir='ltr'>e.</span> 
     </span>
    </p>

    <p class='ocr_par' dir='ltr' id='par_1_6' title="bbox 174 1396 1617 1559">
     <span class='ocr_line' id='line_1_20' title="bbox 174 1396 1616 1448; baseline 0.003 -20"><span class='ocrx_word' id='word_1_149' title='bbox 174 1397 207 1437; x_wconf 82' lang='grc' dir='ltr'>β,</span> <span class='ocrx_word' id='word_1_150' title='bbox 234 1398 329 1428; x_wconf 79' lang='lat' dir='ltr'>caule</span> <span class='ocrx_word' id='word_1_151' title='bbox 363 1398 595 1441; x_wconf 80' lang='lat' dir='ltr'>subsimpliei,</span> <span class='ocrx_word' id='word_1_152' title='bbox 633 1399 723 1429; x_wconf 85' lang='lat' dir='ltr'>soliis</span> <span class='ocrx_word' id='word_1_153' title='bbox 757 1396 978 1437; x_wconf 77' lang='lat' dir='ltr'>distantibus,</span> <span class='ocrx_word' id='word_1_154' title='bbox 1016 1397 1096 1429; x_wconf 92' lang='lat' dir='ltr'><em>lobo</em></span> <span class='ocrx_word' id='word_1_155' title='bbox 1130 1399 1272 1430; x_wconf 76' lang='lat' dir='ltr'>ventrali</span> <span class='ocrx_word' id='word_1_156' title='bbox 1306 1402 1455 1434; x_wconf 79' lang='lat' dir='ltr'>maxime</span> <span class='ocrx_word' id='word_1_157' title='bbox 1482 1414 1616 1448; x_wconf 64' lang='lat' dir='ltr'>patenoe</span> 
     </span>
     <span class='ocr_line' id='line_1_21' title="bbox 239 1456 1617 1500; baseline 0.007 -13"><span class='ocrx_word' id='word_1_158' title='bbox 239 1465 511 1499; x_wconf 75' lang='lat' dir='ltr'>transversoque,</span> <span class='ocrx_word' id='word_1_159' title='bbox 539 1458 629 1488; x_wconf 84' lang='lat' dir='ltr'>foliis</span> <span class='ocrx_word' id='word_1_160' title='bbox 655 1456 924 1500; x_wconf 78' lang='lat' dir='ltr'>pei-igonialibus</span> <span class='ocrx_word' id='word_1_161' title='bbox 958 1457 990 1487; x_wconf 92' lang='lat' dir='ltr'>in</span> <span class='ocrx_word' id='word_1_162' title='bbox 1019 1456 1136 1489; x_wconf 83' lang='lat' dir='ltr'>medio</span> <span class='ocrx_word' id='word_1_163' title='bbox 1164 1458 1259 1489; x_wconf 86' lang='lat' dir='ltr'>caule</span> <span class='ocrx_word' id='word_1_164' title='bbox 1286 1458 1449 1491; x_wconf 77' lang='lat' dir='ltr'>confertis</span> <span class='ocrx_word' id='word_1_165' title='bbox 1477 1467 1617 1496; x_wconf 74' lang='lat' dir='ltr'>caeteris</span> 
     </span>
     <span class='ocr_line' id='line_1_22' title="bbox 240 1515 1380 1559; baseline 0.002 -13"><span class='ocrx_word' id='word_1_166' title='bbox 240 1515 346 1558; x_wconf 91' lang='lat' dir='ltr'><em>duplo</em></span> <span class='ocrx_word' id='word_1_167' title='bbox 373 1515 566 1547; x_wconf 87' lang='lat' dir='ltr'>minoribus</span> <span class='ocrx_word' id='word_1_168' title='bbox 594 1516 789 1547; x_wconf 82' lang='lat' dir='ltr'>orbiculatis</span> <span class='ocrx_word' id='word_1_169' title='bbox 817 1516 1016 1548; x_wconf 81' lang='lat' dir='ltr'>ventricosis</span> <span class='ocrx_word' id='word_1_170' title='bbox 1043 1517 1230 1559; x_wconf 80' lang='lat' dir='ltr'>aequaliter</span> <span class='ocrx_word' id='word_1_171' title='bbox 1256 1516 1380 1549; x_wconf 81' lang='lat' dir='ltr'>bifidis.</span> 
     </span>
    </p>

    <p class='ocr_par' dir='ltr' id='par_1_7' title="bbox 374 1572 674 1608">
     <span class='ocr_line' id='line_1_23' title="bbox 374 1572 674 1608; baseline 0 -1"><span class='ocrx_word' id='word_1_172' title='bbox 374 1573 422 1608; x_wconf 90' lang='lat' dir='ltr'>N.</span> <span class='ocrx_word' id='word_1_173' title='bbox 450 1572 492 1607; x_wconf 85' lang='lat' dir='ltr'>ab</span> <span class='ocrx_word' id='word_1_174' title='bbox 519 1573 565 1606; x_wconf 85' lang='lat' dir='ltr'>E.</span> <span class='ocrx_word' id='word_1_175' title='bbox 594 1572 617 1606; x_wconf 89' lang='lat' dir='ltr'>l.</span> <span class='ocrx_word' id='word_1_176' title='bbox 644 1585 674 1608; x_wconf 83' lang='lat' dir='ltr'>c.</span> 
     </span>
    </p>

    <p class='ocr_par' dir='ltr' id='par_1_8' title="bbox 192 1630 1614 1681">
     <span class='ocr_line' id='line_1_24' title="bbox 192 1630 1614 1681; baseline 0.007 -17"><span class='ocrx_word' id='word_1_177' title='bbox 192 1630 352 1665; x_wconf 83' lang='lat' dir='ltr'>Habitat</span> <span class='ocrx_word' id='word_1_178' title='bbox 391 1631 428 1664; x_wconf 92' lang='lat' dir='ltr'>in</span> <span class='ocrx_word' id='word_1_179' title='bbox 474 1631 565 1666; x_wconf 86' lang='lat' dir='ltr'>locis</span> <span class='ocrx_word' id='word_1_180' title='bbox 606 1631 785 1666; x_wconf 87' lang='lat' dir='ltr'>montosis</span> <span class='ocrx_word' id='word_1_181' title='bbox 828 1635 866 1665; x_wconf 88' lang='lat' dir='ltr'>et</span> <span class='ocrx_word' id='word_1_182' title='bbox 902 1632 1111 1676; x_wconf 78' lang='lat' dir='ltr'>subalpinis</span> <span class='ocrx_word' id='word_1_183' title='bbox 1153 1633 1200 1667; x_wconf 86' lang='lat' dir='ltr'>ad</span> <span class='ocrx_word' id='word_1_184' title='bbox 1243 1644 1337 1667; x_wconf 87' lang='lat' dir='ltr'>saxa</span> <span class='ocrx_word' id='word_1_185' title='bbox 1380 1635 1614 1681; x_wconf 78' lang='lat' dir='ltr'>Germaniae,</span> 
     </span>
    </p>

    <p class='ocr_par' dir='ltr' id='par_1_9' title="bbox 95 1690 1468 1807">
     <span class='ocr_line' id='line_1_25' title="bbox 95 1690 1468 1736; baseline 0.003 -12"><span class='ocrx_word' id='word_1_186' title='bbox 95 1690 266 1734; x_wconf 84' lang='lat' dir='ltr'>Sueciae,</span> <span class='ocrx_word' id='word_1_187' title='bbox 291 1690 529 1734; x_wconf 84' lang='lat' dir='ltr'>Lapponiae:</span> <span class='ocrx_word' id='word_1_188' title='bbox 558 1690 787 1734; x_wconf 85' lang='lat' dir='ltr'>Herjedalen</span> <span class='ocrx_word' id='word_1_189' title='bbox 813 1690 948 1734; x_wconf 85' lang='lat' dir='ltr'>(Herb.</span> <span class='ocrx_word' id='word_1_190' title='bbox 977 1692 1154 1736; x_wconf 79' lang='lat' dir='ltr'>Hartm.),</span> <span class='ocrx_word' id='word_1_191' title='bbox 1181 1693 1468 1729; x_wconf 86' lang='lat' dir='ltr'>Groenlandiae.</span> 
     </span>
     <span class='ocr_line' id='line_1_26' title="bbox 432 1760 1260 1807; baseline 0.002 -13"><span class='ocrx_word' id='word_1_192' title='bbox 432 1763 467 1794; x_wconf 88' lang='lat'>9.</span> <span class='ocrx_word' id='word_1_193' title='bbox 519 1760 793 1803; x_wconf 60' lang='lat' dir='ltr'>§capania</span> <span class='ocrx_word' id='word_1_194' title='bbox 819 1762 1033 1807; x_wconf 63' lang='lat' dir='ltr'><em>irrigua</em></span> <span class='ocrx_word' id='word_1_195' title='bbox 1069 1762 1114 1795; x_wconf 92' lang='lat' dir='ltr'>N.</span> <span class='ocrx_word' id='word_1_196' title='bbox 1143 1762 1190 1795; x_wconf 85' lang='lat' dir='ltr'>ab</span> <span class='ocrx_word' id='word_1_197' title='bbox 1218 1763 1260 1797; x_wconf 89' lang='lat' dir='ltr'>E.</span> 
     </span>
    </p>

    <p class='ocr_par' dir='ltr' id='par_1_10' title="bbox 89 1829 1616 2108">
     <span class='ocr_line' id='line_1_27' title="bbox 188 1829 1613 1881; baseline 0.006 -16"><span class='ocrx_word' id='word_1_198' title='bbox 188 1830 246 1865; x_wconf 84' lang='lat' dir='ltr'>Sc.</span> <span class='ocrx_word' id='word_1_199' title='bbox 273 1829 369 1864; x_wconf 81' lang='lat' dir='ltr'><em>caule</em></span> <span class='ocrx_word' id='word_1_200' title='bbox 393 1835 551 1875; x_wconf 82' lang='lat' dir='ltr'>repente,</span> <span class='ocrx_word' id='word_1_201' title='bbox 575 1830 883 1876; x_wconf 75' lang='lat' dir='ltr'><em>foliis-repandis</em></span> <span class='ocrx_word' id='word_1_202' title='bbox 911 1833 1076 1877; x_wconf 73' lang='lat' dir='ltr'><em>riyidulis</em></span> <span class='ocrx_word' id='word_1_203' title='bbox 1094 1835 1272 1879; x_wconf 73' lang='lat' dir='ltr'><em>profunde</em></span> <span class='ocrx_word' id='word_1_204' title='bbox 1304 1834 1537 1881; x_wconf 81' lang='lat' dir='ltr'><em>inaequaliter</em></span> <span class='ocrx_word' id='word_1_205' title='bbox 1563 1841 1613 1874; x_wconf 65' lang='lat' dir='ltr'><em>hc·-</em></span> 
     </span>
     <span class='ocr_line' id='line_1_28' title="bbox 92 1888 1616 1941; baseline 0.007 -19"><span class='ocrx_word' id='word_1_206' title='bbox 92 1888 187 1931; x_wconf 83' lang='lat' dir='ltr'>lobis,</span> <span class='ocrx_word' id='word_1_207' title='bbox 214 1889 298 1923; x_wconf 86' lang='lat' dir='ltr'>Iobis</span> <span class='ocrx_word' id='word_1_208' title='bbox 322 1889 521 1922; x_wconf 79' lang='lat' dir='ltr'>rotundatis</span> <span class='ocrx_word' id='word_1_209' title='bbox 545 1889 831 1931; x_wconf 69' lang='lat' dir='ltr'><em>submunronatis,</em></span> <span class='ocrx_word' id='word_1_210' title='bbox 857 1891 1007 1925; x_wconf 77' lang='lat' dir='ltr'><em>ventrali</em></span> <span class='ocrx_word' id='word_1_211' title='bbox 1019 1903 1190 1937; x_wconf 77' lang='lat' dir='ltr'>appresso,</span> <span class='ocrx_word' id='word_1_212' title='bbox 1217 1893 1348 1926; x_wconf 72' lang='lat' dir='ltr'>‹lm-sali</span> <span class='ocrx_word' id='word_1_213' title='bbox 1363 1896 1466 1941; x_wconf 76' lang='lat' dir='ltr'><em>duplo</em></span> <span class='ocrx_word' id='word_1_214' title='bbox 1482 1900 1616 1934; x_wconf 80' lang='lat' dir='ltr'><em>minore</em></span> 
     </span>
     <span class='ocr_line' id='line_1_29' title="bbox 90 1947 1614 1996; baseline 0.007 -15"><span class='ocrx_word' id='word_1_215' title='bbox 90 1960 234 1982; x_wconf 74' lang='lat' dir='ltr'><em>convexo</em></span> <span class='ocrx_word' id='word_1_216' title='bbox 265 1950 362 1995; x_wconf 78' lang='lat' dir='ltr'>apice</span> <span class='ocrx_word' id='word_1_217' title='bbox 387 1947 548 1989; x_wconf 84' lang='lat' dir='ltr'><em>incurvo,</em></span> <span class='ocrx_word' id='word_1_218' title='bbox 585 1948 753 1983; x_wconf 77' lang='lat' dir='ltr'><em>involucri</em></span> <span class='ocrx_word' id='word_1_219' title='bbox 775 1949 882 1995; x_wconf 80' lang='lat' dir='ltr'><em>foliis</em></span> <span class='ocrx_word' id='word_1_220' title='bbox 916 1950 1030 1995; x_wconf 69' lang='lat' dir='ltr'>bifidis</span> <span class='ocrx_word' id='word_1_221' title='bbox 1067 1950 1150 1985; x_wconf 74' lang='lat' dir='ltr'>labis</span> <span class='ocrx_word' id='word_1_222' title='bbox 1173 1952 1434 1996; x_wconf 77' lang='lat' dir='ltr'><em>subaequalibus</em></span> <span class='ocrx_word' id='word_1_223' title='bbox 1458 1956 1614 1991; x_wconf 80' lang='lat' dir='ltr'><em>denticu—</em></span> 
     </span>
     <span class='ocr_line' id='line_1_30' title="bbox 89 2005 1610 2061; baseline 0.007 -22"><span class='ocrx_word' id='word_1_224' title='bbox 89 2005 171 2039; x_wconf 84' lang='lat' dir='ltr'>latis</span> <span class='ocrx_word' id='word_1_225' title='bbox 205 2005 359 2049; x_wconf 78' lang='lat' dir='ltr'>(dm-sali</span> <span class='ocrx_word' id='word_1_226' title='bbox 391 2018 490 2052; x_wconf 81' lang='lat' dir='ltr'>saepe</span> <span class='ocrx_word' id='word_1_227' title='bbox 522 2008 692 2054; x_wconf 83' lang='lat' dir='ltr'><em>maiori),</em></span> <span class='ocrx_word' id='word_1_228' title='bbox 726 2009 929 2056; x_wconf 74' lang='lat' dir='ltr'>periantliio</span> <span class='ocrx_word' id='word_1_229' title='bbox 968 2015 1064 2043; x_wconf 83' lang='lat' dir='ltr'><em>ovato</em></span> <span class='ocrx_word' id='word_1_230' title='bbox 1098 2010 1303 2045; x_wconf 76' lang='lat' dir='ltr'><em>rectiusculo</em></span> <span class='ocrx_word' id='word_1_231' title='bbox 1340 2012 1610 2061; x_wconf 81' lang='lat' dir='ltr'>subeompresso-</span> 
     </span>
     <span class='ocr_line' id='line_1_31' title="bbox 89 2064 582 2108; baseline 0.006 -11"><span class='ocrx_word' id='word_1_232' title='bbox 89 2064 254 2108; x_wconf 74' lang='lat' dir='ltr'><em>anyulato</em></span> <span class='ocrx_word' id='word_1_233' title='bbox 279 2077 337 2098; x_wconf 86' lang='lat' dir='ltr'><em>ore</em></span> <span class='ocrx_word' id='word_1_234' title='bbox 361 2065 582 2100; x_wconf 82' lang='lat' dir='ltr'><em>denticulato.</em></span> 
     </span>
    </p>

    <p class='ocr_par' dir='ltr' id='par_1_11' title="bbox 279 2125 1610 2228">
     <span class='ocr_line' id='line_1_32' title="bbox 279 2125 1610 2179; baseline 0.008 -24"><span class='ocrx_word' id='word_1_235' title='bbox 279 2125 491 2166; x_wconf 78' lang='lat' dir='ltr'>Plagiochila</span> <span class='ocrx_word' id='word_1_236' title='bbox 518 2127 645 2166; x_wconf 71' lang='lat' dir='ltr'>irrigua</span> <span class='ocrx_word' id='word_1_237' title='bbox 672 2126 730 2160; x_wconf 90' lang='lat' dir='ltr'>M.</span> <span class='ocrx_word' id='word_1_238' title='bbox 745 2133 777 2160; x_wconf 82' lang='lat' dir='ltr'>et</span> <span class='ocrx_word' id='word_1_239' title='bbox 793 2128 840 2161; x_wconf 87' lang='lat' dir='ltr'>N.</span> <span class='ocrx_word' id='word_1_240' title='bbox 867 2128 904 2161; x_wconf 80' lang='lat' dir='ltr'><em>in</em></span> <span class='ocrx_word' id='word_1_241' title='bbox 931 2128 979 2161; x_wconf 88' lang='lat' dir='ltr'>N.</span> <span class='ocrx_word' id='word_1_242' title='bbox 1002 2127 1044 2162; x_wconf 80' lang='lat' dir='ltr'>ab</span> <span class='ocrx_word' id='word_1_243' title='bbox 1062 2127 1108 2162; x_wconf 84' lang='lat' dir='ltr'>E.</span> <span class='ocrx_word' id='word_1_244' title='bbox 1136 2128 1231 2174; x_wconf 81' lang='lat' dir='ltr'>Hep.</span> <span class='ocrx_word' id='word_1_245' title='bbox 1259 2129 1352 2165; x_wconf 82' lang='lat' dir='ltr'><em>Eur.</em></span> <span class='ocrx_word' id='word_1_246' title='bbox 1380 2132 1453 2166; x_wconf 73' lang='lat' dir='ltr'>III.</span> <span class='ocrx_word' id='word_1_247' title='bbox 1475 2145 1512 2179; x_wconf 76' lang='lat' dir='ltr'>p.</span> <span class='ocrx_word' id='word_1_248' title='bbox 1529 2137 1610 2169; x_wconf 77' lang='lat'>521.</span> 
     </span>
     <span class='ocr_line' id='line_1_33' title="bbox 365 2182 724 2228; baseline 0.011 -13"><span class='ocrx_word' id='word_1_249' title='bbox 365 2182 434 2216; x_wconf 89' lang='lat' dir='ltr'>IV.</span> <span class='ocrx_word' id='word_1_250' title='bbox 458 2194 497 2228; x_wconf 82' lang='lat' dir='ltr'>p.</span> <span class='ocrx_word' id='word_1_251' title='bbox 524 2183 724 2219; x_wconf 91' lang='lat' dir='ltr'><strong>XXXVI.</strong></span> 
     </span>
    </p>

    <p class='ocr_par' dir='ltr' id='par_1_12' title="bbox 277 2242 1610 2347">
     <span class='ocr_line' id='line_1_34' title="bbox 277 2242 1610 2295; baseline 0.011 -25"><span class='ocrx_word' id='word_1_252' title='bbox 277 2242 549 2283; x_wconf 78' lang='lat' dir='ltr'>Jungermannia</span> <span class='ocrx_word' id='word_1_253' title='bbox 577 2244 705 2286; x_wconf 82' lang='lat' dir='ltr'>irrigua</span> <span class='ocrx_word' id='word_1_254' title='bbox 732 2244 780 2278; x_wconf 93' lang='lat' dir='ltr'>N.</span> <span class='ocrx_word' id='word_1_255' title='bbox 795 2244 836 2278; x_wconf 81' lang='lat' dir='ltr'>ab</span> <span class='ocrx_word' id='word_1_256' title='bbox 851 2245 898 2280; x_wconf 89' lang='grc' dir='ltr'>Ε.</span> <span class='ocrx_word' id='word_1_257' title='bbox 927 2245 1022 2292; x_wconf 82' lang='lat' dir='ltr'>Hep.</span> <span class='ocrx_word' id='word_1_258' title='bbox 1049 2246 1142 2280; x_wconf 82' lang='lat' dir='ltr'><em>Eur.</em></span> <span class='ocrx_word' id='word_1_259' title='bbox 1169 2247 1199 2281; x_wconf 92' lang='grc' dir='ltr'>Ῑ.</span> <span class='ocrx_word' id='word_1_260' title='bbox 1220 2260 1259 2293; x_wconf 81' lang='lat' dir='ltr'>p.</span> <span class='ocrx_word' id='word_1_261' title='bbox 1291 2251 1368 2283; x_wconf 83' lang='lat'>193.</span> <span class='ocrx_word' id='word_1_262' title='bbox 1396 2249 1449 2284; x_wconf 88' lang='lat' dir='ltr'>II.</span> <span class='ocrx_word' id='word_1_263' title='bbox 1470 2262 1508 2295; x_wconf 78' lang='lat' dir='ltr'>p.</span> <span class='ocrx_word' id='word_1_264' title='bbox 1528 2253 1610 2285; x_wconf 81' lang='lat'>431.</span> 
     </span>
     <span class='ocr_line' id='line_1_35' title="bbox 368 2297 851 2347; baseline 0.012 -17"><span class='ocrx_word' id='word_1_265' title='bbox 368 2297 531 2333; x_wconf 66' lang='lat' dir='ltr'>Gottsclaee</span> <span class='ocrx_word' id='word_1_266' title='bbox 559 2300 611 2334; x_wconf 81' lang='lat' dir='ltr'>Ie.</span> <span class='ocrx_word' id='word_1_267' title='bbox 639 2302 733 2347; x_wconf 77' lang='lat' dir='ltr'>Hep.</span> <span class='ocrx_word' id='word_1_268' title='bbox 752 2303 851 2336; x_wconf 62' lang='lat' dir='ltr'><em>ined.</em></span> 
     </span>
    </p>

    <p class='ocr_par' dir='ltr' id='par_1_13' title="bbox 277 2357 1609 2413">
     <span class='ocr_line' id='line_1_36' title="bbox 277 2357 1609 2413; baseline 0.012 -27"><span class='ocrx_word' id='word_1_269' title='bbox 277 2357 544 2400; x_wconf 82' lang='lat' dir='ltr'>Juugermannia</span> <span class='ocrx_word' id='word_1_270' title='bbox 571 2361 739 2402; x_wconf 85' lang='lat' dir='ltr'>uliginosa</span> <span class='ocrx_word' id='word_1_271' title='bbox 767 2362 946 2397; x_wconf 65' lang='lat' dir='ltr'>Eoesiccat.</span> <span class='ocrx_word' id='word_1_272' title='bbox 974 2363 1121 2399; x_wconf 81' lang='lat' dir='ltr'><em>Hu&#39;ben.</em></span> <span class='ocrx_word' id='word_1_273' title='bbox 1149 2372 1182 2400; x_wconf 80' lang='lat' dir='ltr'>et</span> <span class='ocrx_word' id='word_1_274' title='bbox 1211 2365 1340 2401; x_wconf 71' lang='lat' dir='ltr'><em>Gentli.</em></span> <span class='ocrx_word' id='word_1_275' title='bbox 1366 2367 1460 2413; x_wconf 79' lang='lat' dir='ltr'>Hep.</span> <span class='ocrx_word' id='word_1_276' title='bbox 1490 2368 1609 2403; x_wconf 83' lang='lat' dir='ltr'><em>Germ.</em></span> 
     </span>
    </p>
   </div>
   <div class='ocr_carea' id='block_1_4' title="bbox 197 2414 1608 2518">
    <p class='ocr_par' dir='ltr' id='par_1_14' title="bbox 197 2414 1608 2518">
     <span class='ocr_line' id='line_1_37' title="bbox 364 2414 1608 2468; baseline 0.011 -21"><span class='ocrx_word' id='word_1_277' title='bbox 364 2414 397 2448; x_wconf 94' lang='lat' dir='ltr'>I.</span> <span class='ocrx_word' id='word_1_278' title='bbox 423 2427 457 2449; x_wconf 89' lang='lat' dir='ltr'>n.</span> <span class='ocrx_word' id='word_1_279' title='bbox 484 2419 532 2450; x_wconf 83' lang='lat'>20</span> <span class='ocrx_word' id='word_1_280' title='bbox 559 2423 591 2451; x_wconf 85' lang='lat' dir='ltr'>et</span> <span class='ocrx_word' id='word_1_281' title='bbox 615 2421 673 2452; x_wconf 86' lang='lat'>21.</span> <span class='ocrx_word' id='word_1_282' title='bbox 728 2420 881 2456; x_wconf 75' lang='lat' dir='ltr'>Tlaeclen.</span> <span class='ocrx_word' id='word_1_283' title='bbox 910 2422 1027 2458; x_wconf 75' lang='lat' dir='ltr'><em>Musc.</em></span> <span class='ocrx_word' id='word_1_284' title='bbox 1055 2424 1156 2458; x_wconf 82' lang='lat' dir='ltr'><em>Suee.</em></span> <span class='ocrx_word' id='word_1_285' title='bbox 1184 2426 1304 2459; x_wconf 61' lang='lat' dir='ltr'>eat-sice.</span> <span class='ocrx_word' id='word_1_286' title='bbox 1332 2425 1608 2468; x_wconf 76' lang='lat' dir='ltr'>V‚V1.n.147.</span> 
     </span>
     <span class='ocr_line' id='line_1_38' title="bbox 197 2472 777 2518; baseline 0.01 -13"><span class='ocrx_word' id='word_1_287' title='bbox 197 2499 202 2508; x_wconf 80' lang='grc'><em>,</em></span> <span class='ocrx_word' id='word_1_288' title='bbox 229 2472 431 2518; x_wconf 67' lang='lat' dir='ltr'><em>densffolia‚</em></span> <span class='ocrx_word' id='word_1_289' title='bbox 459 2476 548 2507; x_wconf 90' lang='lat' dir='ltr'>soliis</span> <span class='ocrx_word' id='word_1_290' title='bbox 577 2479 777 2512; x_wconf 79' lang='lat' dir='ltr'>imbricatis.</span> 
     </span>
    </p>
   </div>
   <div class='ocr_carea' id='block_1_5' title="bbox 171 2483 191 2502">
    <p class='ocr_par' dir='ltr' id='par_1_15' title="bbox 171 2483 191 2502">
     <span class='ocr_line' id='line_1_39' title="bbox 171 2483 191 2502; textangle 90"><span class='ocrx_word' id='word_1_291' title='bbox 171 2483 191 2502; x_wconf 62' lang='lat' dir='ltr'>R</span> 
     </span>
    </p>
   </div>
   <div class='ocr_carea' id='block_1_6' title="bbox 164 2530 1608 2758">
    <p class='ocr_par' dir='ltr' id='par_1_16' title="bbox 169 2530 1608 2641">
     <span class='ocr_line' id='line_1_40' title="bbox 169 2530 1608 2589; baseline 0.01 -27"><span class='ocrx_word' id='word_1_292' title='bbox 169 2531 202 2569; x_wconf 79' lang='grc' dir='ltr'>β,</span> <span class='ocrx_word' id='word_1_293' title='bbox 229 2530 408 2574; x_wconf 70' lang='lat' dir='ltr'><em>laxifblia,</em></span> <span class='ocrx_word' id='word_1_294' title='bbox 437 2535 525 2566; x_wconf 78' lang='lat' dir='ltr'>soliis</span> <span class='ocrx_word' id='word_1_295' title='bbox 554 2540 659 2580; x_wconf 81' lang='lat' dir='ltr'>magis</span> <span class='ocrx_word' id='word_1_296' title='bbox 686 2540 841 2572; x_wconf 76' lang='lat' dir='ltr'>minusve</span> <span class='ocrx_word' id='word_1_297' title='bbox 869 2541 1083 2583; x_wconf 79' lang='lat' dir='ltr'>distantibus,</span> <span class='ocrx_word' id='word_1_298' title='bbox 1112 2545 1207 2575; x_wconf 85' lang='lat' dir='ltr'>caule</span> <span class='ocrx_word' id='word_1_299' title='bbox 1234 2545 1336 2586; x_wconf 81' lang='lat' dir='ltr'><em>igitur</em></span> <span class='ocrx_word' id='word_1_300' title='bbox 1354 2547 1608 2589; x_wconf 83' lang='lat' dir='ltr'>gracilescente.</span> 
     </span>
     <span class='ocr_line' id='line_1_41' title="bbox 365 2591 849 2641; baseline 0.014 -17"><span class='ocrx_word' id='word_1_301' title='bbox 365 2591 531 2626; x_wconf 72' lang='lat' dir='ltr'>Gottsclie</span> <span class='ocrx_word' id='word_1_302' title='bbox 557 2593 609 2627; x_wconf 82' lang='lat' dir='ltr'>Ic.</span> <span class='ocrx_word' id='word_1_303' title='bbox 637 2595 731 2641; x_wconf 80' lang='lat' dir='ltr'>Hep.</span> <span class='ocrx_word' id='word_1_304' title='bbox 757 2597 849 2631; x_wconf 85' lang='lat' dir='ltr'><em>ined.</em></span> 
     </span>
    </p>

    <p class='ocr_par' dir='ltr' id='par_1_17' title="bbox 164 2646 1606 2704">
     <span class='ocr_line' id='line_1_42' title="bbox 164 2646 1606 2704; baseline 0.01 -25"><span class='ocrx_word' id='word_1_305' title='bbox 164 2656 200 2687; x_wconf 69' lang='grc' dir='ltr'>γ,</span> <span class='ocrx_word' id='word_1_306' title='bbox 224 2646 453 2694; x_wconf 72' lang='lat' dir='ltr'><em>ylobulifera‚</em></span> <span class='ocrx_word' id='word_1_307' title='bbox 500 2655 688 2694; x_wconf 78' lang='lat' dir='ltr'>terrestris,</span> <span class='ocrx_word' id='word_1_308' title='bbox 720 2657 854 2697; x_wconf 79' lang='lat' dir='ltr'><em>minor,</em></span> <span class='ocrx_word' id='word_1_309' title='bbox 894 2659 984 2690; x_wconf 80' lang='lat' dir='ltr'>foliis</span> <span class='ocrx_word' id='word_1_310' title='bbox 1026 2661 1350 2704; x_wconf 76' lang='lat' dir='ltr'>piu-purascentibus</span> <span class='ocrx_word' id='word_1_311' title='bbox 1386 2662 1606 2700; x_wconf 76' lang='lat' dir='ltr'>viridibusve,</span> 
     </span>
    </p>

    <p class='ocr_par' dir='ltr' id='par_1_18' title="bbox 230 2710 1606 2758">
     <span class='ocr_line' id='line_1_43' title="bbox 230 2710 1606 2758; baseline 0.01 -21"><span class='ocrx_word' id='word_1_312' title='bbox 230 2710 387 2740; x_wconf 89' lang='lat' dir='ltr'><em>omnium</em></span> <span class='ocrx_word' id='word_1_313' title='bbox 420 2710 507 2742; x_wconf 85' lang='lat' dir='ltr'>lobis</span> <span class='ocrx_word' id='word_1_314' title='bbox 544 2715 771 2755; x_wconf 63' lang='lat' dir='ltr'>mucronafls,</span> <span class='ocrx_word' id='word_1_315' title='bbox 812 2716 1015 2749; x_wconf 82' lang='lat' dir='ltr'><em>inferiorum</em></span> <span class='ocrx_word' id='word_1_316' title='bbox 1051 2719 1169 2751; x_wconf 91' lang='lat' dir='ltr'><em>lobulo</em></span> <span class='ocrx_word' id='word_1_317' title='bbox 1206 2719 1332 2751; x_wconf 69' lang='lat' dir='ltr'>don-sali</span> <span class='ocrx_word' id='word_1_318' title='bbox 1365 2719 1606 2758; x_wconf 74' lang='lat' dir='ltr'>adscendente,</span> 
     </span>
    </p>
   </div>
   <div class='ocr_carea' id='block_1_7' title="bbox 228 2767 1605 2864">
    <p class='ocr_par' dir='ltr' id='par_1_19' title="bbox 228 2767 1605 2864">
     <span class='ocr_line' id='line_1_44' title="bbox 229 2767 1605 2820; baseline 0.011 -26"><span class='ocrx_word' id='word_1_319' title='bbox 229 2767 447 2806; x_wconf 85' lang='lat' dir='ltr'><em>superiorum</em></span> <span class='ocrx_word' id='word_1_320' title='bbox 475 2771 718 2814; x_wconf 84' lang='lat' dir='ltr'>maiorumque</span> <span class='ocrx_word' id='word_1_321' title='bbox 745 2775 840 2816; x_wconf 83' lang='lat' dir='ltr'>apice</span> <span class='ocrx_word' id='word_1_322' title='bbox 867 2776 1028 2818; x_wconf 81' lang='lat' dir='ltr'><em>incurvo,</em></span> <span class='ocrx_word' id='word_1_323' title='bbox 1064 2778 1214 2820; x_wconf 78' lang='lat' dir='ltr'>globulis</span> <span class='ocrx_word' id='word_1_324' title='bbox 1242 2778 1477 2810; x_wconf 79' lang='lat' dir='ltr'>terminalibus</span> <span class='ocrx_word' id='word_1_325' title='bbox 1505 2789 1605 2810; x_wconf 86' lang='lat' dir='ltr'>com—</span> 
     </span>
     <span class='ocr_line' id='line_1_45' title="bbox 228 2826 547 2864; baseline 0.022 -11"><span class='ocrx_word' id='word_1_326' title='bbox 228 2826 352 2864; x_wconf 81' lang='lat' dir='ltr'>pressis</span> <span class='ocrx_word' id='word_1_327' title='bbox 379 2829 547 2860; x_wconf 82' lang='lat' dir='ltr'>rosulatis.</span> 
     </span>
    </p>
   </div>
   <div class='ocr_carea' id='block_1_8' title="bbox 362 2882 1543 2939">
    <p class='ocr_par' dir='ltr' id='par_1_20' title="bbox 362 2882 1543 2939">
     <span class='ocr_line' id='line_1_46' title="bbox 362 2882 1543 2939; baseline 0.008 -24"><span class='ocrx_word' id='word_1_328' title='bbox 362 2882 411 2917; x_wconf 91' lang='lat' dir='ltr'>N.</span> <span class='ocrx_word' id='word_1_329' title='bbox 437 2884 478 2918; x_wconf 81' lang='lat' dir='ltr'>ab</span> <span class='ocrx_word' id='word_1_330' title='bbox 505 2885 552 2920; x_wconf 88' lang='grc' dir='ltr'>Ε.</span> <span class='ocrx_word' id='word_1_331' title='bbox 580 2887 673 2933; x_wconf 80' lang='lat' dir='ltr'>Hep.</span> <span class='ocrx_word' id='word_1_332' title='bbox 701 2888 792 2924; x_wconf 82' lang='lat' dir='ltr'><em>Eur.</em></span> <span class='ocrx_word' id='word_1_333' title='bbox 821 2891 851 2924; x_wconf 94' lang='lat' dir='ltr'>I.</span> <span class='ocrx_word' id='word_1_334' title='bbox 872 2903 911 2936; x_wconf 80' lang='lat' dir='ltr'>p.</span> <span class='ocrx_word' id='word_1_335' title='bbox 942 2893 1021 2928; x_wconf 85' lang='lat'>193.</span> <span class='ocrx_word' id='word_1_336' title='bbox 1049 2893 1100 2927; x_wconf 92' lang='grc' dir='ltr'>ΙΙ.</span> <span class='ocrx_word' id='word_1_337' title='bbox 1122 2906 1160 2939; x_wconf 81' lang='lat' dir='ltr'>p.</span> <span class='ocrx_word' id='word_1_338' title='bbox 1186 2897 1268 2928; x_wconf 74' lang='lat'><strong><em>43⁴2.</em></strong></span> <span class='ocrx_word' id='word_1_339' title='bbox 1296 2892 1370 2927; x_wconf 85' lang='grc' dir='ltr'><strong>ΙΙΙ.</strong></span> <span class='ocrx_word' id='word_1_340' title='bbox 1399 2904 1434 2936; x_wconf 86' lang='lat' dir='ltr'>p.</span> <span class='ocrx_word' id='word_1_341' title='bbox 1460 2894 1543 2926; x_wconf 79' lang='lat'>521.</span> 
     </span>
    </p>
   </div>
   <div class='ocr_carea' id='block_1_9' title="bbox 1152 2974 1209 3002">
    <p class='ocr_par' dir='ltr' id='par_1_21' title="bbox 1152 2974 1209 3002">
     <span class='ocr_line' id='line_1_47' title="bbox 1152 2974 1209 3002; baseline 0 -15"><span class='ocrx_word' id='word_1_342' title='bbox 1152 2977 1169 3002; x_wconf 79' lang='grc'><strong>5</strong></span> <span class='ocrx_word' id='word_1_343' title='bbox 1196 2974 1209 2987; x_wconf 70' lang='lat'>0</span> 
     </span>
    </p>
   </div>
  </div>
 </body>
</html>
