1824 3252
197 186 267 217 252
854 179 1056 213 Ptilidium.

196 296 348 339 anqustis
385 295 479 339 lonye
518 293 663 330 ciliatis.
703 293 964 337 wnplzlyastriis
1005 292 1178 338 profunde
1213 293 1328 337 bifidis
1366 294 1562 341 laee'm'isque
1602 297 1717 340 bifidis

195 354 489 394 setaeeo-ee'liatis,
547 353 629 386 retis
676 351 819 385 maculis
877 351 1000 385 lineari
1010 351 1187 396 -oblonyis
1238 357 1459 389 transversim
1506 355 1715 394 subseriatis.

184 412 314 455 fructu
342 440 347 446 .
379 439 385 445 .
415 438 422 445 .

293 472 336 504 In
367 471 528 505 Peruvia
555 471 600 503 ad
633 469 885 513 Playiochilam
915 470 1172 504 Hookerianmn
1199 484 1314 516 repens
1340 473 1431 515 (Hb.
1448 475 1508 518 L.)

293 531 350 563 Ad
378 530 569 563 Ptilidiwn
596 529 797 562 laciniosum
825 530 1002 564 accedere
1031 529 1175 564 videtur
1200 541 1269 563 nec
1298 531 1372 565 fere
1401 532 1555 567 dubium
1592 539 1715 574 restat,

196 589 283 632 quin
311 589 358 622 sit
388 589 529 622 Ptilidii
557 588 714 631 generis.

293 648 412 682 Caedis
459 648 636 688 uncialis,
684 647 890 691 divergenti
917 669 931 674 -
961 658 1144 688 ramosus3
1192 648 1283 681 rami
1322 648 1549 693 inaequales.
1614 649 1716 683 Folia

197 707 438 747 lutescenfia,
474 708 692 748 imbricata,
727 708 1010 743 adscendentia.
1070 707 1194 741 Lobus
1228 707 1384 741 dorsalis
1417 709 1599 751 oblongus
1638 710 1713 742 basi

195 768 304 809 paulo
333 768 525 809 angustior
551 772 588 801 et
614 767 676 800 ubi
706 778 726 800 a
753 768 860 801 caule
888 768 1056 810 adsurgit
1081 766 1247 809 margine
1276 777 1472 805 recurvus,
1502 768 1711 810 subrepan-

195 825 277 865 dus,
305 826 493 871 utrinque,
519 826 735 870 praesertim
763 826 799 860 in
827 827 993 870 margine
1020 827 1150 866 insero,
1178 826 1272 859 ciliis
1296 830 1351 860 5-
1372 829 1394 860 6
1415 826 1531 869 longis
1559 827 1715 860 setaceis

195 895 214 917 e
240 888 262 917 3
289 905 302 910 —
330 888 352 919 4
381 886 541 927 cellulis,
580 897 738 930 quarum
772 886 897 931 infima
928 886 1067 930 duplex
1097 890 1171 925 est,
1205 885 1463 919 constantibus
1501 886 1714 930 praeditus;

194 943 340 978 lobulus
377 945 554 979 ventralis
594 945 639 978 ad
680 947 700 987 {—
739 945 960 989 bipartitus,
1019 945 1163 979 laciniis
1209 945 1375 988 angustis
1416 946 1524 989 longe
1568 946 1714 980 ciliatis.

195 1003 463 1049 Amplu'yastffa
497 1004 715 1046 imbricata,
771 1004 865 1038 ciliis
900 1004 1128 1047 longioribus
1167 1005 1358 1048 praedita,
1398 1005 1543 1038 laciniis
1581 1005 1714 1044 bifidis,

195 1062 582 1098 lineari-lanceolatis.
636 1064 739 1097 Retis
764 1065 932 1098 maculae
962 1064 1356 1106 lineari-hexagonae,
1383 1064 1590 1107 elongatae,
1619 1065 1712 1098 sub-

200 1123 465 1167 aequilongae,
504 1123 683 1157 limitibus
711 1123 885 1156 tenuibus
913 1123 1130 1163 distinctae,
1158 1124 1470 1157 transversalibus
1497 1125 1609 1167 paulo
1635 1123 1710 1157 for-

194 1181 371 1222 tioribus,
410 1187 659 1227 quapropter,
697 1193 779 1215 cum
817 1182 951 1216 limites
991 1182 1258 1216 transversalcs
1293 1182 1423 1215 eadem
1461 1182 1556 1215 linea
1588 1188 1710 1216 trans-

195 1241 328 1274 versali
358 1242 544 1286 pauloque
574 1243 743 1275 flexuosa
771 1241 990 1280 decurrunt,
1027 1241 1113 1275 folia
1148 1246 1184 1275 et
1216 1240 1482 1284 amphigastria
1508 1241 1715 1275 cancellata

193 1299 376 1345 lineisque
402 1301 715 1335 transversalibus
742 1300 920 1335 distincta
949 1305 1142 1345 apparent.
1194 1300 1348 1333 Fructus
1374 1300 1490 1335 deest.

488 1376 521 1406 4.
574 1373 859 1407 Ptilmium
886 1372 1203 1407 laciniosuvn
1232 1371 1278 1405 N.
1307 1372 1353 1405 ab
1382 1372 1424 1406 E.

288 1430 350 1463 Pt.
372 1431 477 1475 foliis
517 1431 726 1477 complicatis
767 1431 882 1476 bg‘ficlis
901 1431 1303 1475 fimbriato-laciniosis,
1342 1431 1599 1477 amphiyasttiis
1621 1431 1714 1477 fitlio

189 1488 370 1523 similibus.

383 1540 650 1580 Jungermannia
687 1541 846 1571 laciniosa
883 1538 1054 1572 Illielmux
1087 1538 1146 1571 Fl.
1187 1538 1452 1583 B01·.-Am.p.
1478 1540 1561 1571 278.
1620 1537 1710 1570 Weh.

471 1586 601 1620 Prodr.
625 1599 661 1632 p.
693 1589 768 1620 123.
796 1600 828 1620 n.
854 1590 900 1620 33
963 1585 1158 1630 Schwaeyr.
1184 1587 1312 1620 Proclr.
1337 1598 1371 1631 p.
1396 1589 1454 1619 21.
1506 1584 1711 1618 Selia-einim

470 1633 560 1679 Hel).
588 1634 710 1668 Amer.
734 1640 891 1679 septentr.
912 1646 950 1679 p.
984 1637 1038 1667 13.
1064 1647 1097 1668 η.
1128 1637 1181 1667 17.

288 1692 443 1725 Habitat
470 1693 506 1726 in
536 1693 702 1728 Canada.
756 1693 971 1738 Specimina
1002 1704 1072 1727 non
1103 1694 1275 1727 vidimus.

685 1834 1060 1888 Subtribus
1102 1833 1219 1901 7ss)

516 1932 1043 1995 Platyphyllae
1098 1932 1170 1978 N.
1207 1932 1269 1979 ab
1307 1932 1374 1978 E.

188 2007 395 2048 Jubuleae
427 2008 485 2049 N.
520 2009 572 2049 ab
608 2009 661 2050 E.
698 2009 809 2064 Hep.
844 2009 954 2049 Eur.
990 2008 1081 2049 III.
1108 2023 1155 2062 p.
1190 2009 1287 2050 135.
1342 2008 1424 2049 IV.
1452 2024 1499 2063 p.
1535 2009 1703 2051 XXV.

189 2075 426 2117 Enclliclzer
469 2077 576 2119 Gen.
615 2093 662 2132 p.
699 2078 826 2119 1340.
910 2078 1110 2118 Radulae
1148 2078 1259 2118 Sect.
1295 2077 1331 2118 Ι,
1367 2078 1640 2135 Rculalotypz'
1668 2087 1708 2120 et

187 2144 473 2187 Madotlzecae
503 2161 634 2201 specc.
669 2147 874 2187 Dumort.
936 2147 1301 2201 Junqermannz'ae
1332 2160 1464 2201 speoe.
1495 2148 1646 2189 Auctt.

303 2213 492 2269 Capsula
532 2217 730 2259 coriaeea
772 2216 821 2256 ad
868 2217 986 2256 basin
1030 2229 1164 2269 usque
1205 2215 1354 2269 quadri
1388 2240 1403 2246 -
1435 2218 1527 2267 (vel
1559 2217 1706 2272 plu1·i-)

188 2283 337 2323 valvis.
400 2284 597 2325 Elateres
641 2286 804 2339 bispiri.
869 2284 1164 2324 Fructificatio
1197 2284 1454 2332 terminalis,
1496 2285 1559 2325 vel
1600 2287 1704 2326 late-

188 2350 284 2390 ralis
336 2352 398 2392 vel
443 2354 485 2393 in
527 2355 788 2394 dichotomia
834 2353 1015 2402 sessilis,
1066 2353 1132 2394 vel
1180 2353 1406 2408 hypogena
1452 2356 1492 2395 in
1544 2355 1703 2396 ramulo

188 2419 366 2459 ventrali
408 2422 541 2463 brevi.
622 2421 873 2463 Perianthia
920 2423 1219 2477 campanulata
1271 2423 1336 2463 vel
1388 2423 1701 2477 campanulato-

187 2487 441 2541 cylindrica,
490 2490 684 2543 longiora
717 2491 782 2531 vel
814 2491 984 2540 latiora,
1024 2491 1118 2546 plus
1151 2493 1288 2532 minus
1321 2505 1588 2546 compressa,
1629 2505 1702 2531 ore

189 2556 392 2597 bilabiato
445 2565 608 2613 aperto,
689 2559 860 2600 Pistilla
889 2560 917 2600 6
947 2585 962 2591 -
993 2560 1064 2601 32.
1141 2559 1467 2600 Inflorescentia
1515 2559 1704 2599 mascula

186 2624 406 2679 elongata,
439 2628 721 2681 spiciformis,
756 2628 962 2682 aequalis.
1026 2628 1150 2669 Folia
1181 2634 1329 2675 ovata,
1371 2628 1547 2676 incuba,
1591 2629 1698 2669 inte-

185 2694 371 2746 gerrima
403 2695 623 2745 ciliatave‚
667 2697 755 2738 basi
796 2697 975 2737 ventrali
1016 2698 1058 2738 in
1100 2698 1241 2738 lobum
1274 2697 1575 2752 complicatum
1605 2696 1699 2751 plus

185 2763 321 2802 minus
367 2763 477 2804 cauli
519 2770 736 2806 accretum
777 2766 993 2806 abeuntia.
1066 2766 1393 2821 Amphigastria
1439 2765 1504 2806 vel
1546 2765 1700 2806 adsunt

185 2830 249 2870 vel
283 2830 450 2872 desunt.
515 2833 697 2874 Plantae
730 2833 973 2875 corticolae.

254 2926 287 2967 ³⁶)
341 2928 558 2970 Sei-ipserum
586 2928 804 2972 Liudenberg
834 2939 864 2961 et
891 2929 1064 2962 Gottsche.
