1824 3252
780 183 973 228 Lejeunia.
1567 182 1641 215 363

191 304 225 342 β,
263 304 390 343 minor,
418 301 618 344 simplicior,
643 298 841 344 perianthiis
868 297 1116 331 crebrioribus.

191 372 226 404 γ,
258 360 469 407 geniculata,
507 361 602 392 caule
631 361 800 402 elongato,
827 359 968 390 ramulis
995 356 1159 389 brevibus
1185 355 1322 395 lohulis,
1357 354 1523 386 soliorum
1549 364 1642 384 nou-

263 422 364 453 nullis
391 420 539 453 muricis.

309 480 473 519 Lejeunia
503 478 693 522 geniculata
722 476 833 510 Herb.
863 475 905 509 L.
931 482 963 508 et
990 475 1055 520 Ly.

184 541 198 572 ἶ
224 545 242 578 ὃ
269 539 454 578 concinna,
483 537 733 581 ampliigastriis
760 537 953 568 minoribus
981 533 1374 567 cordato—orbiculatis.

310 599 475 639 Lejeunia
504 597 672 629 concinna
698 595 807 629 Herb.
841 595 889 629 N.
916 594 958 627 ab
985 594 1031 627 Ε.

218 658 382 692 Habitat
406 657 442 689 in
467 655 681 696 Surinamo,
709 654 772 688 ubi
793 653 935 688 invenit
960 653 1005 687 cl.
1023 651 1255 696 Splitgerber
1281 660 1364 683 cum
1391 659 1467 683 var.
1485 651 1519 689 β,
1547 658 1643 693 quae

120 718 157 751 in
197 717 328 751 eodem
370 715 535 759 caespite
572 714 724 747 inventa
761 717 816 747 est
848 723 931 746 cum
965 721 986 740 σε
1025 715 1062 745 et
1096 721 1181 744 cum
1215 709 1434 754 Playiochila
1467 708 1642 752 quadam,

120 787 231 821 quam
259 775 411 810 omnino
441 773 588 807 velabat
614 772 776 816 (Miquel
804 772 841 805 in
872 772 945 805 Hb.
973 771 1030 813 L.)
1073 770 1164 805 Var.
1192 780 1216 808 γ
1241 769 1279 802 in
1311 768 1469 802 Brasilia
1496 767 1543 800 ad
1571 765 1643 800 Rio

120 836 166 870 de
193 836 346 869 Janeiro
374 834 507 867 lectam
536 831 636 864 misit
664 831 840 874 Bongard
868 830 949 864 sine
976 830 1123 863 nornine
1151 829 1197 863 ad
1225 830 1269 863 cl.
1297 829 1564 863 Lehmannum.
1599 845 1643 851 —

119 895 211 927 Var.
241 892 257 924 ὃ
284 893 319 926 ἰι]
348 891 451 925 silvis
470 890 802 924 Surinamensibus
828 889 958 932 (Curie
984 889 1022 922 in
1040 889 1115 922 Hb.
1132 889 1273 922 Flotov.
1291 899 1325 921 n.
1340 888 1414 932 40).
1468 886 1643 920 Plantula

119 963 291 998 quoque,
329 963 350 984 a
381 949 578 993 Beyrichio
611 949 658 982 ad
698 959 808 992 rupes
844 948 980 982 montis
1015 948 1232 981 Corcovado
1261 947 1442 980 Brasiliae
1479 947 1642 987 inventa,

120 1013 247 1045 habitu
277 1011 319 1044 L.
348 1011 526 1054 eontifflzae
560 1012 581 1050 β
612 1008 741 1042 similis
776 1012 813 1040 et
839 1008 908 1041 sub
935 1008 1003 1040 hoc
1031 1006 1177 1040 nomine
1202 1006 1238 1039 in
1268 1006 1342 1039 Hb.
1371 1007 1411 1040 L.
1440 1010 1642 1047 asservata,

120 1073 219 1104 haud
247 1071 395 1104 diversa
423 1080 442 1102 a
473 1069 516 1102 L.
543 1081 649 1114 opaca
674 1067 833 1101 videtur.
885 1066 1006 1100 Aliam
1033 1066 1197 1108 stirpem,
1227 1065 1281 1099 vel
1310 1065 1395 1098 huic
1422 1065 1558 1108 speciei
1586 1064 1642 1099 vel

121 1131 165 1163 L.
192 1129 327 1163 clausae
354 1128 685 1167 adnumerandam,
712 1127 748 1160 in
777 1126 883 1160 terris
912 1126 1124 1160 Mexicanis
1152 1126 1240 1168 legit
1266 1126 1433 1159 Leibold.

215 1190 258 1222 L.
286 1187 454 1221 coronalis
481 1187 628 1221 diversa
648 1191 705 1220 est
727 1190 889 1227 textura,
919 1186 1043 1220 lobulo
1065 1185 1235 1219 foliorum
1255 1184 1474 1218 decurrente
1493 1188 1642 1218 saccaro

123 1252 311 1289 truncato,
335 1247 556 1291 perianthiis
584 1246 778 1289 elongatis.
806 1246 909 1278 —L.
937 1246 1136 1279 concinnam
1169 1244 1272 1277 dubii
1302 1244 1385 1277 huic
1415 1243 1639 1277 adnumera-

120 1319 214 1347 mus,
241 1302 354 1351 quun]
383 1306 545 1340 sterilem
574 1310 718 1339 tantum
746 1305 960 1339 viderimus.
1006 1305 1135 1338 Refert
1160 1304 1434 1348 quodammodo
1462 1303 1507 1337 L.
1533 1316 1643 1337 amoe-

118 1381 211 1409 mrm,
239 1367 304 1401 sed
334 1367 521 1411 plerisque
549 1365 644 1399 notis
671 1365 718 1398 ad
745 1366 788 1398 L.
816 1378 956 1411 opacam
984 1365 1140 1398 accedit.

449 1450 528 1481 128.
580 1447 842 1493 Lejezmia
873 1454 1098 1481 amoena
1125 1445 1315 1479 Gottsche.

216 1507 258 1542 L.
287 1507 382 1541 caule
406 1513 543 1553 repente
568 1508 763 1540 inordinate
784 1508 944 1552 pinnato,
960 1505 1066 1551 foliis
1090 1511 1184 1538 arete
1210 1504 1402 1538 imbricatis
1425 1504 1645 1539 subi-otumlis

119 1567 273 1600 conver-is
305 1566 501 1612 szrbi›fie.ri.e
534 1567 765 1610 inteqerrimis
802 1566 873 1598 basi
904 1564 1022 1598 subtus
1055 1563 1498 1609 (Iecurrente-complicatis
1534 1563 1645 1597 [obulo

114 1639 225 1671 pari-«o
249 1625 446 1659 snbsaecato
479 1625 670 1666 bidentulo,
701 1625 961 1670 amplifi-(sasemis
992 1624 1126 1668 braquis
1156 1630 1249 1656 arcte
1273 1623 1464 1656 imbricatis
1490 1623 1645 1655 cordato-

121 1686 278 1719 rotzmdis
302 1685 458 1728 maryz'ne
482 1683 656 1728 anyulalis
680 1685 833 1717 com-emis
855 1690 952 1716 acute
977 1683 1092 1727 bg’fi'dis
1117 1682 1255 1716 laciniis
1277 1695 1372 1728 saepe
1398 1681 1645 1726 inaequalibus,

110 1743 240 1788 frtrem
273 1744 311 1777 in
347 1743 420 1776 basi
450 1756 630 1777 ramorum
668 1742 808 1776 laterali
840 1742 968 1784 sessui,
1004 1742 1177 1776 involucro
1209 1742 1379 1787 conformi
1411 1742 1645 1785 inteyerrimo,

118 1803 328 1848 perimztltiis
351 1803 519 1847 elonyan's
543 1801 850 1847 oblonyo—obovatis
875 1808 973 1836 acute
990 1802 1212 1847 pentaymsts.
1259 1801 1419 1836 Gottsche
1444 1801 1540 1834 Icon.
1568 1799 1645 1845 Legj.

123 1861 192 1894 Vl.
219 1864 278 1895 38.

312 1923 581 1964 Jungermannia
614 1922 754 1954 sordida
788 1922 904 1955 Mont.
941 1921 1095 1954 Mousses
1125 1921 1164 1954 de
1196 1919 1228 1953 Ῐα
1256 1920 1392 1953 Guium
1426 1918 1575 1952 ceum-ale
1609 1918 1647 1952 in

400 1981 496 2014 Anu.
523 1982 580 2015 des
609 1993 653 2015 sc.
681 1986 755 2015 nat.
781 1984 815 2014 2.
843 1980 942 2014 Serie
968 1980 1110 2025 (1835.)
1146 1979 1230 2014 Bot.
1258 1979 1332 2013 III.
1351 1992 1390 2025 p.
1416 1982 1499 2013 211.
1526 1992 1560 2013 η.
1587 1982 1645 2013 34.

170 2043 184 2073 ‚⁹
207 2040 241 2081 β,
270 2040 520 2081 Breutelz'ana,
547 2042 642 2073 caule
670 2042 880 2079 ramosiore,
915 2040 1166 2084 amphigastriis
1192 2041 1305 2071 minus
1333 2048 1423 2070 arcte
1451 2037 1641 2069 imbricatis

267 2100 484 2132 brevioribus
511 2101 624 2131 minus
652 2100 829 2131 evidenter
855 2100 1030 2142 angulatis,
1054 2098 1247 2142 pei-iautliio
1275 2098 1447 2131 breviore.

221 2157 366 2192 Crescit
393 2158 428 2191 in
458 2158 606 2192 Guiana
637 2157 783 2192 Gallica
817 2157 984 2192 interiori
1020 2157 1066 2190 ad
1100 2156 1220 2190 fontes
1252 2155 1415 2189 fluminis
1449 2154 1645 2197 oyapock,

125 2216 220 2249 lecta
249 2227 269 2249 a
296 2217 341 2251 cl.
371 2216 565 2260 Leprieur.
614 2217 706 2251 Var.
734 2215 755 2255 β
794 2217 831 2251 in
867 2217 924 2252 St.
953 2215 1211 2260 Christophori
1244 2215 1367 2249 insula
1402 2213 1574 2257 (Breutel
1607 2212 1645 2247 in

125 2275 201 2308 Hb.
230 2274 306 2317 G.).

223 2333 498 2377 Distinguenda
525 2345 546 2367 a
574 2333 620 2368 L.
646 2347 752 2380 opaca
777 2335 926 2370 textura
953 2334 1124 2369 densiore
1152 2332 1358 2376 irregulari,
1389 2332 1510 2366 colore
1537 2335 1643 2366 satu-

124 2393 242 2434 riore,
286 2393 384 2427 soliis
420 2393 614 2427 latioribus
648 2394 851 2436 convexis,
892 2394 1029 2428 lobulis
1070 2391 1323 2433 subsaccatis,
1371 2390 1646 2434 amphigastriis

124 2453 354 2496 longioribus
381 2452 841 2497 cordato-subquadratis
866 2453 1035 2497 margine
1068 2452 1234 2487 obsolete
1270 2450 1456 2492 angulatis
1491 2450 1548 2483 vel
1583 2461 1642 2483 re-

123 2511 280 2555 pandis,
314 2510 460 2545 laciniis
497 2511 618 2545 minus
652 2511 937 2546 conniventibus
972 2522 1085 2556 saepe
1118 2510 1399 2555 inaequalibus,
1435 2508 1645 2552 perianthio

124 2570 291 2613 longiore
326 2571 626 2605 subclavato.—
654 2571 769 2605 Haud
806 2571 1035 2606 diffitendum
1070 2577 1215 2612 tamen,
1258 2567 1501 2604 intermedias
1539 2567 1646 2612 quasi

124 2629 263 2663 formas
288 2630 471 2672 existere,
510 2629 630 2674 qualis
666 2634 724 2664 est
757 2631 926 2674 plantula
964 2641 985 2665 a
1019 2631 1064 2665 cl.
1092 2629 1232 2665 Martio
1265 2628 1303 2663 in
1332 2628 1515 2663 Brasiliae
1541 2627 1645 2662 silvis

124 2688 325 2732 primaevis
352 2689 398 2723 ad
427 2690 483 2724 St.
509 2689 718 2724 Johannem
747 2690 959 2734 Baptistam
985 2691 1082 2725 lecta
1108 2694 1145 2724 et
1170 2690 1206 2723 in
1234 2690 1311 2724 Hb.
1339 2688 1388 2723 N.
1412 2688 1458 2721 ab
1478 2687 1521 2721 E.
1549 2686 1646 2721 inter

125 2747 170 2781 L.
202 2749 376 2782 sordidam
408 2754 623 2792 asservata,
669 2749 817 2794 aliaque
860 2751 995 2785 sterilis
1031 2761 1053 2784 a
1088 2750 1132 2784 cl.
1173 2749 1325 2784 Breutel
1356 2748 1392 2781 in
1425 2746 1554 2780 Insula
1589 2746 1644 2780 St.

127 2806 383 2850 Christophori
409 2807 573 2843 inventa.
625 2809 835 2855 Utramque
861 2809 1015 2854 stirpem
1041 2819 1129 2844 vero
1157 2808 1204 2842 ob
1222 2807 1401 2852 plurimas
1426 2810 1534 2840 notas
1560 2815 1645 2838 cum

126 2865 170 2899 L.
195 2877 340 2899 amoena
367 2868 633 2903 convenientes
658 2869 745 2903 huic
774 2869 1075 2903 adnumerandas
1106 2878 1187 2902 esse
1216 2867 1473 2900 censebamus.
1523 2865 1643 2899 Aliam

126 2925 281 2960 formam
308 2926 567 2962 intermediam
592 2928 681 2972 legit
706 2929 892 2965 Sellovius
918 2929 965 2964 ad
995 2928 1095 2963 Para
1122 2927 1319 2962 Brasiliae.
