1824 3252
758 170 1000 215 Plagiochila‚
1566 171 1639 203 649

121 286 305 329 margines
332 285 368 319 in
397 285 507 330 apice
534 285 757 325 subreflexi‚
794 284 873 319 basi
900 283 1136 318 subconnati.
1200 281 1348 317 Surculi
1375 281 1531 315 masculi
1557 285 1634 316 ste-

121 346 207 380 riles
241 345 438 379 latitudine
475 349 650 389 aequant.
701 345 796 380 Cum
833 345 936 379 nulla
968 343 1042 378 alia
1075 342 1146 377 nisi
1180 353 1264 376 cum
1291 341 1397 386 Play.
1423 340 1639 374 Brauniana

119 405 297 439 confundi
333 408 478 448 potest,
514 404 579 439 sed
613 404 700 439 folia
739 404 857 448 magis
883 403 1099 445 imbricata,
1133 402 1271 436 surculi
1297 401 1447 435 latiores
1473 404 1510 434 et
1534 399 1634 444 peri-

119 465 232 508 gonia
259 464 411 499 maiora.

120 558 156 591 p.
182 551 242 582 51.
366 552 407 582 71
428 548 464 582 b.
502 549 842 594 Pla-qiuchila
856 547 1086 593 falcata
1113 545 1278 579 Hooker.

217 607 278 640 Pl.
310 607 406 641 caule
430 614 583 653 repente,
612 608 719 641 ramis
742 606 1115 640 adscmzdenti-ereetis
1149 605 1340 639 attenuatis
1364 602 1544 648 insiyniter
1557 601 1638 647 fal-

119 667 222 707 catis,
245 666 350 712 foliis
382 666 634 701 subimbricatis
659 666 877 700 verticalibus
908 666 1030 700 erectis
1053 664 1276 710 suboppositis
1300 663 1519 698 subrothdis
1542 674 1638 696 mar-

114 725 197 768 yine
221 725 351 759 dorsale·
376 726 572 771 subinfleoeis
597 725 855 760 decurrentibus
889 727 1119 770 inteyerrimis
1153 725 1285 771 reliquo
1318 724 1452 758 anibitu
1484 724 1638 757 dentato-

117 786 272 825 serratis,
286 785 418 829 fructu
444 812 452 820 .
482 812 489 820 .
519 812 526 819 .

310 847 580 887 Jungermannia
608 847 725 877 falcata
754 845 866 879 Hook.
893 845 1012 879 Musei
1038 845 1159 878 emotici
1185 850 1209 877 t.
1238 846 1295 878 89.

216 903 378 936 Habitat
404 904 439 937 in
469 904 553 938 sinu
582 905 716 948 Dusky
745 906 827 948 Bay
854 905 954 939 dicto
983 905 1114 938 Novae
1142 902 1390 943 Zeelandiae,
1424 902 1521 936 lecta
1545 911 1567 934 a
1592 901 1637 934 cl.

119 960 288 995 Menzies
318 964 419 997 1791.

215 1022 405 1056 Foliorum
442 1024 558 1057 forma
593 1028 630 1057 et
663 1023 956 1057 denticulatione
983 1035 1004 1056 a
1036 1022 1144 1067 Play.
1171 1023 1325 1068 opposita
1357 1019 1479 1061 (cuius
1513 1019 1635 1053 varie-

118 1085 232 1114 tatem
260 1082 471 1128 ssfalcatmn
498 1083 628 1117 habitu
656 1083 782 1127 refert)
817 1086 858 1116 ut
889 1087 926 1116 et
958 1094 980 1116 a
1008 1083 1114 1128 Play.
1142 1084 1324 1127 conizzyata
1358 1081 1466 1115 facile
1503 1079 1639 1113 distin-

117 1142 268 1183 guenda
295 1146 360 1176 est.
414 1143 521 1177 Haec
548 1143 703 1186 species,
731 1154 752 1177 a
779 1142 1053 1185 Lindenbergio
1079 1142 1115 1176 in
1142 1141 1454 1185 Monographiam
1481 1138 1639 1183 Plagio—

118 1201 297 1234 chilarum
325 1203 371 1236 ob
400 1203 720 1237 fructificationem
748 1203 952 1236 secundum
980 1202 1146 1236 Hookeri
1172 1201 1317 1235 iconem
1345 1201 1451 1242 longe
1479 1198 1640 1232 alienam

118 1271 192 1295 non
221 1265 394 1305 recepta,
430 1263 560 1296 merito
587 1263 672 1296 huic
698 1262 823 1306 generi
851 1261 1083 1301 vindicatur,
1118 1272 1201 1294 cum
1227 1261 1272 1295 cl.
1300 1260 1435 1303 Taylor
1460 1257 1636 1302 specimi-

116 1319 227 1353 nibus
265 1321 424 1355 herbarii
466 1322 697 1356 Hookeriani
736 1322 866 1355 sedulo
903 1321 1129 1355 examinatis
1167 1319 1329 1359 invenit,
1370 1318 1530 1352 fructum
1566 1316 1639 1351 illis

118 1381 310 1415 adnexum
351 1392 425 1415 non
465 1382 512 1415 ad
548 1382 654 1426 Play.
677 1381 855 1425 falcatam
894 1381 960 1415 sed
1000 1381 1047 1414 ad
1084 1380 1309 1424 Hepaticam
1350 1377 1565 1413 frondosam
1602 1380 1640 1411 ct

116 1440 281 1484 quidem,
310 1445 350 1474 ut
385 1441 598 1484 suspicatus
624 1445 698 1482 est,
736 1441 782 1474 ad
809 1441 990 1474 Aneuram
1010 1441 1176 1486 pin-quem
1203 1439 1433 1479 immixtam,
1471 1438 1635 1473 referen-

114 1500 201 1533 dum
230 1510 323 1534 esse.

115 1582 151 1615 p.
178 1574 236 1605 51.
383 1574 425 1605 71
451 1582 481 1604 c.
523 1572 861 1617 Plagiochila
887 1571 1205 1617 aeyyophyzla
1230 1572 1377 1615 Taylor.

213 1630 275 1663 Pl.
310 1630 403 1663 caule
440 1630 518 1664 laxe
561 1632 740 1677 caespitoso
775 1632 992 1664 adscendente
1022 1631 1180 1676 flexuoso
1216 1630 1448 1676 subsimplici,
1491 1631 1638 1666 surculis

115 1689 289 1723 interdum
304 1689 569 1735 flmellaribns,
593 1690 699 1735 foliis
732 1689 927 1724 imbricatis
963 1691 1116 1724 secundis
1150 1690 1318 1735 adpressis
1339 1690 1455 1735 planis
1480 1697 1638 1725 cuneata-

115 1749 313 1783 rotmzdatis
332 1751 486 1793 maryine
504 1762 624 1796 supero
642 1749 714 1783 basi
739 1750 899 1783 connexis
925 1749 1155 1794 inteqerrimis
1179 1749 1292 1793 infero
1322 1749 1638 1794 spinoso-dentatis,

110 1810 308 1855 periantlzio
333 1809 525 1843 subesset-to
551 1809 728 1843 terminali
753 1808 891 1843 obovato
917 1810 996 1843 hinc
1008 1810 1099 1854 fisso
1124 1822 1182 1843 ore
1205 1821 1391 1854 compresso
1414 1809 1558 1854 spinoso.

307 1870 515 1912 Plagiocliila
542 1870 745 1913 zygoplnylla
777 1869 880 1915 Tayl.
909 1869 998 1904 Nov.
1025 1869 1118 1915 Hep.
1144 1870 1182 1902 in
1208 1869 1319 1902 Lond.
1346 1867 1475 1902 Journ.
1508 1868 1553 1912 of
1571 1868 1637 1902 bot.

397 1932 499 1963 1846.
521 1941 560 1974 p.
585 1932 668 1963 271.
694 1941 728 1962 η.
754 1931 813 1963 30.

210 1986 370 2021 Habitat
396 1988 431 2021 in
460 1988 588 2021 Insula
617 1988 756 2031 Ceylon
785 1987 881 2030 (Hb.
909 1987 1016 2031 Hk.).

211 2046 406 2090 Caespites
442 2047 756 2082 fusco-olivacei.
815 2047 962 2082 Surculi
986 2050 1009 2081 2
1025 2068 1040 2074 -
1057 2051 1079 2082 3
1104 2047 1258 2091 pollices
1284 2048 1395 2091 longi.
1447 2047 1551 2082 Folia
1575 2048 1634 2082 in-

113 2105 247 2139 feriora
281 2106 436 2140 minuta.
487 2107 516 2141 A
558 2106 665 2151 Play.
699 2108 883 2151 eoniuyata
920 2107 1042 2140 differt
1079 2106 1176 2140 foliis
1216 2107 1296 2141 basi
1334 2106 1500 2141 inferiori
1537 2108 1637 2141 haud

113 2165 298 2205 connatis,
330 2165 471 2210 aPlay.
487 2166 634 2211 falcata
659 2166 830 2200 foliorum
858 2165 1016 2209 parciori
1045 2166 1110 2199 sed
1137 2163 1308 2199 validiori
1333 2166 1636 2205 denticulatione‚

114 2233 136 2256 a
172 2222 233 2256 Pl.
267 2225 420 2268 opposita
454 2229 490 2258 et
524 2225 681 2258 biseriali
711 2225 922 2269 perianthio
957 2225 1116 2259 breviori
1152 2224 1272 2259 latiori
1308 2229 1345 2259 ct
1377 2224 1440 2258 vix
1474 2228 1634 2259 exserto.

112 2282 265 2326 (Taylor
291 2283 313 2316 l.
341 2282 391 2326 c.)

114 2380 151 2413 p.
178 2373 237 2404 52.
335 2373 382 2403 72
401 2371 436 2404 b.
475 2371 811 2416 Pla-qinchila
838 2371 1039 2405 armata
1064 2369 1169 2412 Tayl.
1187 2372 1223 2402 et
1242 2369 1454 2415 Hook.jun.

210 2441 272 2475 Pl.
299 2440 394 2474 caule
414 2440 656 2486 subcuespitoso
686 2441 907 2474 adscendente
921 2439 1073 2484 elonyato
1091 2439 1307 2480 subramoso,
1321 2439 1427 2482 foliis
1442 2439 1635 2476 imbricatis

112 2500 229 2532 erectis
253 2500 421 2545 adpressis
444 2501 598 2534 secundis
621 2501 817 2534 rotundatis
842 2499 920 2533 hinc
946 2498 1021 2533 basi
1045 2498 1307 2533 decurrentibus
1331 2500 1574 2544 inteyerrimis.

306 2561 574 2602 Jnngermannia
611 2569 723 2591 ansata
766 2558 869 2605 Tayl.
906 2559 997 2604 Hep.
1032 2566 1183 2593 antarct.
1216 2560 1255 2592 in
1289 2559 1400 2593 Lond.
1432 2559 1560 2594 Journ.
1598 2561 1642 2606 of

391 2617 457 2652 bot.
490 2621 590 2652 1844.
615 2631 650 2664 p.
678 2621 761 2652 457.
786 2631 821 2651 η.
847 2621 880 2653 6.

210 2676 369 2710 Habitat
394 2677 430 2710 in
459 2677 598 2711 Insulis
626 2677 812 2710 Falkland
840 2676 936 2710 inter
963 2676 1162 2710 Dicrcmum
1188 2676 1415 2712 Billarclieri.

211 2734 406 2778 Caespitcs
434 2735 522 2775 laxi,
551 2736 688 2779 pallide
714 2735 819 2769 fusci.
869 2735 1014 2769 Surculi
1038 2736 1321 2778 adscendentes,
1347 2737 1518 2779 flexuosi,
1542 2749 1629 2782 gra-

113 2791 216 2832 ciles,
243 2793 463 2828 subramosi.
491 2794 595 2828 Folia
621 2795 759 2835 tenuia,
785 2795 1023 2834 homomalla‚
1056 2795 1311 2838 integerrima,
1343 2800 1478 2838 erecta,
1505 2796 1629 2831 circu-

114 2849 220 2890 laria,
247 2851 312 2884 sed
339 2862 467 2896 margo
492 2854 675 2897 posterior
699 2854 736 2887 in
753 2864 968 2898 processum
988 2854 1246 2888 decurrentem
1265 2854 1475 2895 terminata,
1501 2867 1631 2891 ansam

114 2907 277 2944 referens
305 2909 421 2953 (unde
447 2922 580 2947 nomen
609 2913 851 2957 derivatum),
878 2923 1005 2957 margo
1032 2911 1194 2948 anterior
1219 2913 1344 2958 paullo
1371 2918 1601 2950 recurvatus.
