1824 3252
722 190 1032 233 Jungermannia.
1567 198 1639 231 665

119 302 310 344 roseus.*)
361 302 608 336 Perianthium
651 303 785 337 lineam
825 305 997 348 longum,
1031 304 1306 348 pdsmaticum,
1349 307 1634 343 ovato-oblon-

119 372 228 405 gum,
263 361 370 405 apice
395 361 432 395 in
459 373 592 396 conum
620 363 916 397 obtusiusculum
944 368 1197 405 contractum,
1230 365 1337 400 cuius
1363 367 1526 401 medium
1552 368 1640 402 cilia

119 421 301 465 plicarum
340 421 378 455 in
415 433 527 455 unum
569 427 739 456 contorta
773 423 910 467 apiculi
950 423 997 457 ad
1032 423 1149 457 instar
1185 425 1473 468 supereminent.
1532 428 1639 462 Folia

117 480 350 516 imolam-alia
388 481 630 526 polymorpha
664 482 930 524 inveniuntur;
971 482 1009 516 in
1044 483 1160 517 altero
1195 483 1384 519 involucro
1425 485 1510 520 bina
1551 486 1640 520 solia

118 540 386 582 involucralia‚
426 541 511 575 bina
550 543 667 576 altera
699 541 735 576 in
771 546 898 576 ventre
934 543 980 576 ad
1014 542 1131 575 instar
1165 543 1385 587 stipularum
1427 545 1638 587 adfuerunt,

118 601 157 635 in
184 601 299 635 altero
320 600 406 634 folia
432 600 675 635 involucralia
697 601 783 635 bina
806 607 962 635 externa
986 600 1148 646 binaque
1176 602 1331 643 interna,
1358 614 1514 648 quoium
1541 604 1635 638 alte-

118 671 198 694 rum
233 660 502 704 quadrifidum,
540 661 695 695 alterum
731 665 875 695 tantum
912 661 1063 694 bifidum
1097 664 1134 695 et
1167 661 1320 696 dimidio
1346 662 1481 697 minus.
1533 663 1640 697 Folia

118 719 363 753 involucralia
402 720 543 754 maiora
584 721 699 754 bifida
741 725 848 763 sunt,
894 721 988 754 lobis
1025 721 1419 763 ovato-lanceolatis,
1462 721 1638 756 dentibus

118 778 377 812 ciliiformibus
415 780 472 812 vel
509 779 654 813 laciniis
687 779 972 814 dentiformibus
1007 779 1181 821 armatis,
1226 780 1497 822 subundulata,
1538 785 1639 815 arcte

118 837 367 881 perianthium
394 836 596 882 cingentia.
639 839 829 874 Interdum
858 839 927 873 sub
954 839 1145 874 involucro
1170 839 1362 874 innovatio
1387 839 1581 884 reperitur.

118 940 155 974 p.
181 932 239 964 80.
343 932 380 962 11
401 930 435 962 b.
476 931 909 977 Junyemnannia
934 930 1226 976 consoranis
1252 931 1372 975 Ldbg.
1393 936 1430 965 et
1447 932 1637 966 Gottsche.

211 988 252 1023 J.
278 987 373 1022 caule
398 997 535 1035 repente
570 992 660 1024 nudo
689 990 886 1035 yenit-ulam
918 1003 1070 1033 ramoso,
1094 990 1200 1037 soliis
1232 991 1536 1025 semiverticalibus
1560 991 1638 1037 ple-

116 1059 260 1093 rumque
296 1048 505 1082 distantibus
540 1051 915 1096 rotundo-quadratis
946 1052 1043 1097 apice
1081 1052 1128 1084 ad
1161 1052 1183 1093 ὲ
1211 1057 1351 1096 partem
1383 1050 1507 1095 anyulo
1541 1057 1640 1084 acuto

116 1108 248 1146 excisis,
275 1107 359 1141 labis
382 1107 889 1154 ovato·lanceolato-apieulatis
914 1110 1155 1155 incesti-rimis,
1181 1110 1330 1144 ventrali
1355 1111 1506 1153 maiore,
1538 1112 1640 1156 peri-

115 1167 236 1202 antlzio
249 1167 388 1211 oblonyo
400 1167 587 1213 cylindrz'eo
602 1169 697 1213 apice
716 1169 830 1203 obtuse
835 1169 978 1214 plicato,
994 1170 1100 1215 foliis
1114 1169 1381 1204 involat-talibus
1394 1170 1638 1216 conformibus.

308 1226 478 1260 Liebman
504 1227 580 1260 Iter
605 1228 780 1262 Mean'can.
805 1229 924 1263 inedie.

212 1285 373 1319 Habitat
399 1286 435 1319 in
462 1286 644 1330 Trapiche
671 1287 716 1321 de
743 1288 778 1321 la
805 1287 1041 1332 Concepcion
1068 1292 1104 1322 et
1131 1289 1231 1332 apud
1258 1288 1374 1323 Talea
1406 1288 1638 1335 (Liebman).

209 1343 320 1388 Juny.
346 1345 541 1379 incumbens
566 1346 688 1380 differt
713 1347 809 1380 soliis
836 1347 1058 1390 profundius
1084 1346 1223 1388 incisis,
1255 1348 1401 1391 longius
1428 1349 1639 1393 apiculam,

114 1403 409 1438 involucralibus
436 1415 550 1448 saepe
574 1405 722 1447 trifidis,
751 1406 961 1449 perianthio
987 1407 1295 1451 ovato-trigono.

116 1508 152 1541 p.
180 1500 238 1532 80.
338 1500 378 1531 11
398 1508 429 1532 c.
469 1498 907 1544 Junyermannv'a
932 1501 1260 1544 anacampta
1285 1500 1432 1544 Taylor.

212 1568 251 1602 J.
278 1568 372 1602 caule
398 1569 579 1614 caespitem
603 1570 821 1603 adscendente
844 1568 1059 1612 sabramoso,
1081 1572 1187 1617 foliis
1211 1571 1403 1607 imbricatis
1427 1572 1642 1608 subsecundat<

117 1624 268 1660 obovatis
303 1639 319 1660 e
352 1626 425 1660 basi
458 1628 670 1673 amplexante
695 1629 828 1674 refleaeIS
852 1629 1095 1664 canaliculatis
1128 1631 1266 1672 bilobz‘s,
1299 1634 1481 1676 seymentz's
1512 1644 1639 1677 aequa-

116 1685 203 1720 libus
227 1687 335 1720 ovatis
359 1686 611 1729 obtusius-culis,
638 1687 790 1722 ventrali
815 1687 889 1721 basi
913 1689 1104 1731 uniciliato,
1125 1690 1327 1736 periantltio
1343 1692 1477 1725 demam
1502 1690 1641 1725 laterali

113 1744 325 1791 eylindraceo
349 1747 473 1792 inflato
498 1747 614 1781 obtuso
639 1760 777 1782 sursum
802 1747 990 1793 subplicato
1014 1761 1070 1783 ore
1093 1751 1224 1783 minute
1247 1751 1399 1784 dentato.

305 1808 575 1848 Jungermannia
608 1817 806 1850 anacampta
849 1807 982 1853 Taylor
1008 1809 1097 1845 Nov.
1126 1809 1220 1855 Hep.
1245 1810 1284 1843 in
1310 1809 1422 1843 Loud.
1449 1807 1576 1842 Journ.
1603 1807 1648 1853 qs

391 1865 459 1899 bot.
489 1867 593 1900 1846.
613 1878 652 1912 p.
680 1870 763 1900 273.
789 1879 824 1901 n.
852 1870 886 1901 3.

210 1922 373 1956 Habitat
398 1923 434 1957 in
463 1925 636 1960 arborum
663 1926 800 1960 cortice
826 1926 863 1960 in
879 1927 1051 1962 America
1079 1926 1361 1971 septentrionali
1389 1924 1639 1970 (Drummond

112 1980 150 2015 in
178 1981 254 2015 Hb.
284 1982 389 2027 Hk.).

209 2041 404 2085 Caespites
439 2041 524 2084 lati,
559 2043 804 2078 flavo-susci.
864 2045 1001 2080 Caules
1035 2045 1111 2080 fere
1144 2046 1360 2090 pollicares,
1395 2043 1637 2089 pamiramei,

112 2099 301 2143 squarrosi
328 2101 424 2136 foliis
451 2102 628 2137 recurvis.
680 2104 930 2139 Periantln‘mn
955 2104 1034 2139 basi
1062 2105 1205 2139 nudum
1232 2110 1268 2139 et
1295 2103 1491 2148 angustius
1523 2113 1638 2148 quam

113 2159 219 2203 apice
243 2160 383 2195 inflato.

209 2218 345 2252 Differt
371 2229 393 2253 a
418 2220 478 2264 Jy.
500 2220 708 2255 incumbente
731 2225 874 2257 statura
892 2222 1036 2265 maiori,
1062 2222 1233 2257 foliorum
1262 2221 1356 2256 lobis
1382 2219 1636 2256 obtusioribus

113 2279 151 2309 et
175 2277 396 2319 pei-ianthiis
423 2279 584 2314 obovato
598 2300 611 2305 -
625 2280 886 2323 cylindraceis.

112 2379 150 2412 p.
178 2371 236 2403 80.
370 2372 413 2403 12
427 2369 464 2405 b.
502 2371 939 2416 Junyermamtia
964 2373 1341 2416 leuc-acephala
1366 2372 1514 2416 Taylor.

208 2441 247 2475 J.
287 2440 383 2475 caule
420 2442 642 2476 adscendente
677 2443 800 2477 arleizo
849 2455 890 2476 ex
929 2443 1025 2489 apice
1061 2444 1265 2485 innovante,
1318 2444 1426 2477 ramis
1462 2443 1635 2479 interdum

102 2500 351 2545 fasciculatis,
381 2500 488 2546 foliis
527 2502 637 2536 ovatis
672 2502 747 2536 basi
785 2501 906 2537 latiori
929 2501 1234 2548 amplescz'eaulibus
1265 2503 1636 2548 patenti-squarrosis

113 2558 228 2604 bifidi-⁹
260 2559 344 2594 lobis
376 2559 814 2596 lanceolata-acutissimis
844 2560 1139 2605 subinte9e7·2·imis
1164 2560 1325 2595 brunneis
1357 2561 1453 2608 apice
1476 2561 1634 2596 subulato

188 2691 221 2734 *)
262 2692 302 2723 In
327 2693 487 2724 varietate
514 2696 536 2734 β
564 2693 642 2724 solia
670 2693 734 2724 hoc
761 2692 863 2724 dente
891 2694 1033 2724 ventrali
1059 2694 1191 2735 saepius
1218 2705 1284 2724 nou
1314 2695 1491 2734 instructa,
1519 2704 1632 2727 tamen

258 2752 383 2782 similia
412 2752 491 2783 folia
518 2765 559 2784 ac
586 2754 619 2784 in
646 2761 760 2784 nostra
789 2753 822 2782 in
849 2752 1044 2784 summitate
1072 2753 1175 2783 caulis
1203 2753 1439 2792 inveniuntur,
1464 2752 1631 2784 foliorum

256 2817 328 2839 rete
354 2807 467 2840 simile
503 2819 707 2855 ceteraeque
742 2820 842 2843 notae
871 2819 1081 2852 congruunt,
1115 2819 1150 2842 ut
1183 2822 1251 2841 nou
1285 2812 1439 2853 ineptum
1466 2810 1630 2850 videatur,

257 2868 345 2900 hanc
369 2869 519 2911 plantam
545 2871 661 2903 Novae
689 2870 906 2910 Hollandiae,
934 2881 1019 2912 quae
1047 2871 1135 2901 inter
1157 2868 1412 2913 Playioclzilam
1431 2868 1630 2903 circinalem

257 2938 275 2957 a
302 2925 344 2957 cl.
368 2927 493 2959 Fraser
519 2938 690 2972 reportata
719 2938 779 2970 est,
807 2941 886 2962 cum
914 2927 1023 2972 Juny.
1040 2927 1239 2962 monodonte
1256 2929 1382 2973 Taylor
1409 2929 1629 2973 coniungere.
