1824 3252
171 199 242 231 594
658 193 835 228 Duriaea.
889 194 1207 239 Sphaerocarpus.

268 311 412 353 ‚,Frons
439 311 642 354 prostrata,
667 308 969 349 membranacea,
996 309 1195 344 tenerrima
1222 313 1259 344 et
1290 310 1443 345 minima
1471 311 1503 345 vi
1532 311 1705 346 facillime

170 371 424 411 dilaceranda,
449 373 473 404 5
500 368 640 403 millim.
668 369 793 412 longa,
820 371 844 403 2
870 368 1012 403 minim.
1040 369 1130 410 lata,
1163 370 1282 404 dilute
1307 370 1437 405 viridis
1465 375 1530 405 aut
1555 372 1705 405 omnino

169 431 387 466 decolorata
413 428 566 472 hyalina
595 428 654 472 (in
682 428 810 472 planta
837 427 924 462 viva
950 428 1051 462 color
1078 429 1208 463 viridis
1235 431 1336 475 est),
1371 431 1589 471 semiovata,
1625 432 1705 466 basi

170 495 376 528 attenuata,
403 489 488 522 hinc
515 488 602 521 inde
629 488 809 532 repanda,
837 487 1032 528 undulata,
1059 487 1160 522 illinc
1185 488 1518 530 falcato-recurva,
1552 489 1706 524 lacinias

169 547 310 583 frondis
347 547 519 582 Clamleae
543 547 710 592 eleyantis
736 549 805 591 Ag.
845 547 1062 588 aemulans,
1102 559 1278 589 nervosa,
1315 560 1430 583 nervo
1464 550 1597 583 subtus
1622 550 1706 593 pilis

169 608 398 643 radicalibus
425 608 575 642 obtecto
604 608 780 652 (quorum
808 618 879 651 ope
901 607 1134 650 graminibus
1153 610 1343 650 tenuibus,
1371 609 1569 650 muscisve,
1597 620 1709 653 super

169 680 262 715 quos
289 667 510 707 innascitur,
539 667 667 702 leviter
695 667 902 708 adhaeret),
928 672 965 701 et
988 668 1134 711 apicem
1160 679 1291 703 versus
1319 670 1546 713 appendices
1572 673 1705 713 paten-

169 736 226 764 tes
253 728 507 764 vittaeformes
533 728 689 762 obtusas
717 727 1097 772 sesquimillimetrum
1120 728 1264 772 longas,
1291 728 1569 763 subinvolucro
1586 732 1709 762 autem

170 789 410 824 confertiores
438 792 596 827 erectas,
623 786 989 832 pseudo-involucra
1016 787 1249 829 simulantes,
1277 788 1451 833 utrinque
1465 788 1708 832 producente.

171 849 277 883 Retis
306 847 454 882 areolae
481 846 624 881 frondis
653 851 717 881 aut
744 847 995 890 appendicum
1022 851 1263 890 4-6-gonae‚
1300 848 1402 882 nervi
1429 859 1517 883 vero
1544 848 1709 892 paralle—

170 910 409 952 logrammae.
469 906 630 940 Fructus
658 906 783 950 plures
809 917 927 951 prope
955 906 1099 950 apicem
1139 908 1278 942 frondis
1312 919 1332 942 e
1367 919 1481 942 nervo
1516 907 1711 942 subdiviso

169 968 252 1009 orti,
280 967 443 1001 sessiles.
495 966 734 1000 Involucrum
762 977 943 1007 crassum,
979 967 1263 1010 subcarnosum‚
1298 978 1346 1002 ex
1373 968 1531 1002 ovoideo
1554 968 1705 1002 lanceo-

169 1028 299 1068 latum,
326 1037 388 1061 ore
417 1026 631 1060 acuminato
659 1026 799 1060 inflexo
826 1031 993 1070 pertuso,
1020 1030 1043 1061 2
1068 1027 1210 1062 niillim.
1233 1027 1398 1071 longum,
1433 1028 1507 1062 fere
1534 1027 1707 1061 millime-

169 1093 267 1121 trum
293 1087 476 1121 diametro
503 1091 718 1120 transversa
745 1086 976 1130 adaequans,
1004 1093 1148 1129 sutura,
1183 1091 1224 1121 ut
1250 1087 1411 1127 videtur,
1437 1087 1711 1131 longitudinali.

170 1148 229 1182 vel
256 1158 330 1182 uno
357 1146 415 1180 vel
444 1150 600 1191 utroque
628 1146 743 1180 latere
770 1145 980 1180 dehiscens.
1024 1147 1086 1188 (In
1113 1147 1198 1181 vivo
1225 1147 1426 1191 sporangia
1453 1158 1518 1191 per
1548 1148 1712 1191 parietes

169 1208 459 1246 involucrorum,
493 1206 563 1240 etsi
590 1206 783 1250 compagis
810 1207 1084 1247 tirmiusculae‚
1120 1207 1319 1241 emicantia
1355 1206 1714 1251 conspiciebantur.)

171 1268 214 1301 In
242 1266 511 1312 speciminibus
537 1267 680 1311 aliquot
696 1266 863 1307 maturis,
891 1266 1174 1310 investigationi
1198 1267 1492 1312 microscopicae
1518 1266 1711 1307 subiectis,

170 1331 269 1365 idem
297 1332 485 1372 repertum
511 1330 581 1365 est,
608 1326 673 1360 sed
702 1336 775 1360 non
803 1325 1002 1359 dehiscens
1030 1326 1181 1360 vidi.-—
1221 1327 1474 1371 Sporangium
1502 1327 1712 1370 globosum,

170 1387 548 1430 helvolo-hyalinum‚
589 1391 627 1420 at
654 1386 774 1429 sporis
802 1385 958 1419 internis
985 1385 1155 1420 obscuris
1182 1386 1341 1427 fuscum,
1379 1387 1560 1431 pedicello
1596 1387 1708 1420 senri-

171 1450 422 1485 millimetrum
457 1447 568 1489 longo
606 1456 797 1490 nunquam
834 1455 996 1479 excusso
1030 1446 1244 1487 sull'ultum,
1279 1447 1415 1491 stylum
1450 1446 1711 1490 persistentem

172 1515 314 1545 rectum
343 1512 408 1542 aut
433 1506 629 1540 incurvum
659 1505 914 1540 excentricum
943 1505 1108 1539 eiusdem
1147 1517 1190 1539 ac
1227 1506 1434 1549 pedicellus
1469 1506 1712 1549 longitudinis

172 1569 229 1604 vel
257 1567 383 1612 paullo
410 1577 454 1600 co
482 1565 685 1609 longiorem
713 1565 783 1599 sub
811 1565 950 1600 vertice
978 1576 1122 1608 gerens.
1189 1566 1273 1600 Hoc
1306 1567 1546 1610 sporangium
1580 1566 1616 1600 in
1647 1566 1705 1600 in—

171 1628 334 1663 dividuis
362 1626 571 1660 iunioribus
598 1636 617 1658 e
645 1625 743 1659 binis
771 1625 998 1659 membranis
1014 1626 1260 1670 compositum
1277 1631 1345 1666 est,
1371 1637 1528 1671 quarum
1545 1627 1708 1665 interior,

172 1702 190 1724 e
205 1688 349 1723 cellulis
365 1686 574 1727 tetragonis
592 1685 768 1719 maximis
783 1692 974 1726 constans,
996 1685 1171 1719 exteriori
1188 1686 1269 1725 (seu
1286 1686 1487 1731 epigonio),
1502 1687 1707 1730 5-6-goni-

174 1749 369 1784 reticulato
396 1756 595 1790 progressu
624 1745 757 1779 aetatis
780 1746 876 1779 adeo
891 1745 1108 1787 concrescit,
1129 1750 1169 1779 ut
1185 1746 1347 1789 disiungi
1371 1751 1545 1791 nequeat.
1584 1746 1709 1780 Prima

173 1814 298 1844 autem
327 1806 524 1850 Emloyonii
553 1816 616 1838 seu
647 1805 836 1848 spon-angit
865 1805 1027 1850 proprii,
1056 1806 1223 1840 secunda
1250 1817 1339 1840 vero
1366 1807 1559 1851 calyptrae
1594 1808 1710 1840 vicem

172 1870 278 1913 gerit.
333 1868 476 1910 Sporae
504 1876 748 1905 numerosae,
785 1865 952 1900 iuniores
979 1866 1197 1910 sphaericae
1230 1866 1442 1910 pellucidae
1479 1878 1561 1901 cum
1598 1866 1712 1900 limbo

172 1926 400 1965 obscuriori,
436 1925 586 1959 demum
614 1925 867 1968 subglobosae
900 1926 1127 1970 papillosae,
1166 1927 1316 1965 tandem
1354 1932 1483 1961 mutua
1517 1927 1712 1971 pressione

174 1987 374 2032 polyedrae
412 1985 628 2029 (nunquam
657 1990 695 2017 ut
724 1985 759 2017 in
787 1986 1045 2031 *S'phaeroearpo
1072 1985 1300 2030 trient-cae),
1338 1986 1480 2027 fuscae,
1512 1990 1550 2029 3¹⁰
1570 1985 1712 2020 millim.

174 2048 356 2081 diametro
384 2045 591 2084 metientes,
620 2043 762 2077 aculeis
790 2044 968 2078 tenuibus
996 2045 1105 2078 rectis
1133 2045 1298 2089 undique
1322 2046 1490 2079 vestitae.
1546 2046 1711 2079 Elateres

176 2107 311 2141 nulli.·‘
363 2104 588 2147 (Montagne
615 2103 651 2137 in
679 2103 748 2137 litt.
776 2104 822 2137 ad
853 2103 1084 2138 Notarisium
1114 2105 1135 2137 l.
1165 2107 1215 2148 c.)

470 2200 498 2243 ξ.
525 2203 560 2233 2.
615 2198 811 2233 Corsiuieae
838 2199 976 2241 Corda,
1008 2199 1109 2243 Bory
1138 2204 1175 2234 et
1201 2200 1419 2244 Montagne.

274 2259 529 2295 Fructificatio
557 2264 622 2293 aut
648 2259 771 2294 dioica
800 2264 864 2293 aut
890 2259 1076 2294 monnica.
1128 2260 1247 2294 Frons
1274 2260 1501 2303 centrifuga,
1529 2271 1711 2305 expansa.

180 2325 339 2358 Fructus
366 2320 546 2354 dorsales.
599 2320 838 2354 Involucrum
867 2326 931 2353 aut
957 2319 1087 2354 sessile
1115 2324 1179 2353 aut
1204 2320 1482 2364 pedicellatum.
1533 2320 1713 2365 Calyptra

179 2389 244 2418 aut
279 2382 396 2416 libera
433 2385 498 2414 aut
533 2380 661 2414 ovario
701 2379 859 2420 adnata,
895 2379 991 2423 stylo
1024 2379 1182 2413 caduco.
1235 2380 1390 2414 Semina
1417 2379 1588 2424 primitus
1614 2391 1710 2425 qua-

180 2451 298 2481 terna.
325 2442 523 2477 alveolata.

279 2503 378 2549 Bory
405 2509 436 2536 et
462 2500 657 2544 Montayne
682 2500 719 2533 in
748 2500 845 2534 Arm.
873 2501 929 2535 cles
953 2513 1000 2536 sc.
1026 2508 1098 2536 nat.
1125 2504 1159 2536 3.
1188 2500 1300 2535 δέν-ἐι».
1328 2499 1359 2533 Ι.
1385 2499 1529 2544 (1844.)
1549 2501 1687 2544 1›.235.

414 2580 607 2623 LXIX.
639 2580 745 2634 (ll.)
796 2580 1320 2637 sphaerocarpus
1352 2579 1491 2621 Mioh.

182 2669 256 2690 nov.
281 2667 358 2700 yen.
387 2666 424 2699 p.
452 2658 487 2687 4.
523 2659 548 2686 t.
575 2655 609 2685 3.
672 2650 783 2695 Ldby.
812 2651 914 2687 Ricc.
943 2664 981 2698 p.
1009 2655 1094 2686 414.
1121 2664 1157 2686 n.
1187 2654 1218 2686 l.
1279 2651 1328 2685 Ν.
1354 2650 1398 2684 ab
1423 2650 1470 2685 E.
1499 2650 1590 2696 Hep.
1621 2650 1713 2684 Eur.

185 2715 314 2760 1V.p.
343 2712 527 2747 XXXII.
561 2714 633 2746 359
667 2718 699 2744 ec
724 2714 808 2745 361.
836 2725 869 2745 η.
901 2715 931 2747 1.
971 2719 1002 2746 et
1035 2713 1071 2745 in
1097 2710 1218 2745 Lz'ndl.
1244 2710 1385 2745 Introd.
1421 2711 1471 2744 ecl.
1498 2713 1533 2745 2.
1563 2723 1602 2756 p.
1630 2713 1713 2744 414.

186 2773 362 2821 Biscquff.
389 2773 483 2818 Hep.
515 2773 552 2805 in
589 2771 677 2805 Nov.
714 2771 796 2806 Act.
825 2771 892 2805 Ac.
922 2772 1008 2805 Nat.
1039 2771 1124 2805 Cur.
1151 2770 1287 2804 XVII.
1321 2774 1356 2805 2.
1382 2783 1422 2817 p.
1453 2773 1556 2806 1037.
1616 2770 1714 2804 Eml-

187 2835 290 2869 lic-her
306 2834 393 2868 Gen.
415 2845 453 2879 p.
481 2835 528 2866 43
552 2838 582 2865 et
604 2834 703 2865 1337.
728 2843 763 2864 72.
790 2834 873 2865 457.
926 2831 1041 2865 Mont.
1069 2831 1106 2865 in
1131 2830 1330 2877 d'Orbiqny
1354 2843 1428 2876 2⁴03]-
1456 2832 1540 2865 (lans
1559 2830 1712 2865 I'Ambr.

186 2896 309 2928 me're'cl.
337 2893 421 2927 Bot.
442 2904 481 2938 p.
509 2894 568 2925 50.
619 2890 843 2934 Targioniae
871 2902 994 2935 specc.
1021 2890 1143 2925 Dieks.

285 2953 444 2986 Fructus
478 2951 517 2985 in
544 2951 646 2985 disco
674 2949 816 2984 frondis
843 2955 1034 2985 ecostatae
1062 2951 1273 2995 aggregati,
1313 2948 1578 2995 superficiales,
1611 2947 1713 2982 nudi.

191 3013 429 3047 Involucrum
464 3011 652 3056 proprium
690 3011 817 3046 sessile
853 3014 917 3045 aut
952 3010 1238 3055 pedicellatum‚
1278 3011 1411 3045 obtuse
1447 3009 1618 3044 conicum
1651 3012 1715 3042 aut
