1824 3252
148 195 220 227 574
804 187 1014 231 Targionia.

270 304 567 346 Fructificatio
600 303 642 342 in
674 301 826 342 fronde
859 301 1091 342 terminalis
1123 301 1306 355 singula,
1327 300 1476 350 infera,
1500 300 1674 342 sessilis.

153 375 429 416 Involucrum
482 371 650 411 bivalve
712 370 890 410 valvulis
942 371 1272 410 conniventibus
1323 376 1367 411 et
1415 370 1677 411 verticaliter

150 444 470 485 dehiscentibus
504 440 570 481 vel
606 439 856 480 bilabiatum
896 455 970 480 ore
1011 444 1174 494 apert0‚
1208 453 1528 494 mouocarpum.
1593 439 1675 479 Ca—

150 514 273 568 psula
315 512 568 552 brevissime
600 509 884 565 pedicellata,
925 508 1221 563 irregulariter
1253 522 1477 563 rumpens,
1525 507 1592 548 vel
1634 509 1676 548 in

150 583 299 623 dentes
331 580 585 636 plerumque
617 593 697 620 sex
729 578 985 633 regulariter
1018 577 1260 618 dehiscens.

396 683 561 726 LXII.
608 682 800 735 (XIII.)
841 681 1203 741 Targionia
1235 681 1432 724 Micheli.

151 769 198 802 N.
225 768 267 801 ab
292 767 340 801 Ε.
369 766 460 812 Hep.
488 766 580 800 Eur.
607 765 678 800 IV.
709 778 746 810 p.
773 763 938 798 XXXI.
970 770 1002 797 et
1033 766 1118 798 295.
1170 763 1360 798 Enclliclaeer
1386 763 1472 797 Gen.
1501 775 1538 809 p.
1565 766 1612 796 44
1647 770 1679 796 et

154 830 255 862 1337.
281 839 318 862 n.
344 829 428 860 461.
487 825 680 869 Illontayne
714 837 775 858 sur
812 823 842 856 le
862 836 965 868 yenre
1001 822 1200 866 Taryionia
1237 824 1273 856 in
1306 823 1402 856 Ami.
1439 824 1495 856 des
1527 834 1572 856 sc.
1605 828 1678 856 nat.

148 892 183 923 2.
205 888 306 922 Sbrie
333 887 407 921 IX.
432 897 467 931 p.
489 887 569 919 100.
599 889 623 918 t.
650 888 685 919 5.
737 882 879 917 Schreb.
907 884 943 916 in
971 882 1251 927 Naluijbrsclzer
1277 883 1369 916 XV.
1397 890 1423 917 t.
1450 882 1538 929 5·f·
1568 885 1679 917 1-17.

156 948 250 982 Web.
276 954 307 981 ec
335 945 456 980 Molir.
487 943 675 979 'I'aschenh
704 950 731 977 t.
762 943 873 988 122f.
903 946 1005 977 4-6.
1056 943 1168 977 Mich.
1200 944 1288 977 Gen.
1315 946 1350 977 3.
1377 950 1401 977 t.
1428 946 1463 977 3.

246 1016 542 1060 Receptaculum
562 1015 763 1049 femineum
787 1014 989 1048 discretum
1015 1014 1169 1049 nullum.
1211 1015 1448 1049 Involucrum
1469 1015 1678 1059 acl-apicem

149 1077 289 1113 frondis
319 1076 491 1116 inferum,
514 1075 677 1114 bivalve‚
705 1085 987 1118 monocarpum.
1043 1074 1190 1108 Pistilla
1217 1078 1239 1108 3
1258 1077 1320 1115 -4,
1348 1085 1423 1107 uno
1444 1074 1679 1117 perfectibili.

150 1135 409 1171 Perianthium
436 1135 590 1168 nullum.
631 1135 813 1179 Calyptra
840 1133 976 1172 tenuis,
1004 1133 1223 1177 persistens,
1251 1134 1444 1177 capsulam
1465 1133 1679 1173 investiens,

149 1195 310 1230 subinde
344 1205 366 1228 a
399 1194 537 1228 vertice
572 1204 814 1229 evanescens.
869 1194 998 1238 stylus
1024 1193 1219 1228 deciduus.
1275 1193 1439 1237 Capsula
1465 1193 1681 1237 brevipedi-

148 1257 305 1295 cellata,
342 1253 523 1298 pedicello
561 1264 634 1286 una
662 1264 745 1286 cum
776 1253 888 1287 bulbo
914 1254 1106 1297 calyptrae
1134 1253 1301 1288 foveolae
1328 1253 1468 1287 frondis
1494 1253 1679 1293 immerso,

150 1312 621 1353 membranaceo-tenuis,
650 1312 786 1353 lacera,
814 1317 879 1346 aut
906 1312 1133 1345 frustulatim
1161 1312 1370 1346 dehiscens.
1423 1313 1592 1346 Elateres
1621 1311 1678 1346 bi-

149 1372 302 1417 trispiri.
354 1371 505 1405 Semina
543 1371 774 1414 subglobosa
807 1372 1054 1406 tuberculata.
1108 1372 1404 1415 Receptaculum
1433 1372 1679 1406 masculinum

151 1434 204 1478 (in
231 1431 411 1466 distincta
441 1432 602 1476 stirpel)
642 1432 821 1472 laterale,
848 1431 1084 1471 disciforme,
1112 1431 1350 1474 papillosum,
1378 1431 1414 1464 in
1441 1429 1591 1474 propria
1617 1430 1679 1463 in—
1727 1473 1729 1475 Ι

151 1493 351 1530 novatione
379 1503 398 1526 e
426 1499 531 1526 costa
558 1491 717 1525 ventrali
745 1490 881 1525 oriens.
937 1492 1178 1524 Gemmarum
1208 1496 1413 1535 apparatus
1440 1491 1577 1524 nullus.

245 1550 447 1595 Vegetatio
474 1550 664 1591 frondosa,
691 1550 842 1594 parcius
869 1550 1014 1583 furcata
1033 1549 1213 1594 apiceque
1234 1549 1468 1594 interruptim
1488 1548 1678 1589 continua,

150 1613 265 1646 latere
292 1611 490 1651 innovans,
517 1608 822 1643 innovationibus
849 1619 869 1642 e
895 1613 1022 1643 costae
1051 1609 1228 1643 ventralis
1255 1610 1371 1643 latere
1389 1608 1678 1650 emergentibus,

149 1683 252 1706 ramo
277 1670 409 1706 costali
435 1681 456 1704 a
482 1668 686 1713 primordio
712 1679 781 1703 suo
815 1668 956 1702 frondis
994 1669 1108 1703 limbo
1143 1669 1287 1703 inferne
1322 1670 1460 1703 adnato
1493 1669 1562 1702 sub
1596 1668 1678 1712 ipso

145 1732 309 1776 denique.
335 1728 503 1773 margine
531 1729 811 1769 frondescente;
845 1728 1061 1772 superficies
1088 1716 1247 1762 dorsalis
1274 1739 1426 1772 porosa3
1462 1727 1676 1772 superficies

145 1792 322 1826 ventralis
358 1798 584 1834 squamosa,
629 1787 666 1821 in
702 1787 827 1821 medio
860 1792 982 1821 tractu
1018 1787 1251 1829 radiculosa3
1293 1788 1494 1832 epidermis
1529 1797 1676 1824 crassa:

145 1855 304 1886 stratum
331 1851 562 1893 bypoporuui
589 1847 761 1886 densum,
788 1846 941 1882 humile.

243 1910 403 1943 Plantae
437 1907 654 1947 terricolae,
697 1906 944 1949 muscicolae,
992 1906 1194 1952 pleraeque
1229 1908 1266 1942 in
1303 1905 1440 1951 apricis
1482 1905 1676 1949 degentes,

145 1967 353 2012 gregariae,
376 1966 464 1999 laxe
490 1969 687 1998 stratosae.
1262 1961 1265 1963 ’

243 2025 398 2070 Species
424 2027 447 2058 6
473 2024 730 2067 cognovimus.
771 2023 980 2058 Habitant:
1016 2024 1052 2057 in
1071 2025 1221 2068 Europa
1248 2029 1276 2065 Ι,
1303 2036 1400 2069 quae
1423 2024 1518 2058 etin
1539 2021 1676 2063 Insulis

146 2086 319 2121 Canariis
346 2088 458 2128 atque
477 2083 513 2117 in
531 2082 703 2117 Amerina
726 2083 1010 2126 septentrionali
1037 2084 1183 2124 crescit,
1211 2083 1249 2117 in
1271 2082 1531 2118 Promontorio
1547 2082 1676 2116 Bonae

146 2145 235 2190 Spei
268 2147 298 2186 1,
325 2143 363 2178 in
389 2142 596 2186 Abyssinia
626 2141 723 2183 l‚.in
751 2142 848 2176 Chili
881 2145 910 2183 1,
938 2142 974 2175 in
1003 2142 1158 2176 Mexico
1183 2146 1219 2176 2.

488 2228 522 2260 l.
582 2224 873 2271 OEwryz‘onz‘a
901 2224 1153 2268 capensz‘s
1183 2224 1336 2260 Hiiben.

244 2299 288 2334 T.
313 2298 447 2344 fronde
478 2296 735 2342 ovali-oblouya
778 2296 1003 2340 integserivima
1033 2296 1146 2342 plana
1178 2296 1280 2331 limbo
1313 2298 1408 2330 tenui
1431 2298 1531 2343 poris
1561 2297 1676 2331 intra-

145 2357 398 2404 marqiualibus
432 2356 703 2401 mundioribus,
751 2354 873 2390 subtus
896 2355 1227 2401 fusco-bivinum,
1274 2356 1426 2402 squamis
1462 2369 1486 2390 a
1519 2357 1678 2402 maryine

145 2418 354 2454 distantibus
376 2416 606 2451 subcliscretis.

337 2477 521 2520 Targionia
556 2476 721 2519 Capensis
757 2475 806 2509 N.
833 2474 876 2508 αἶ)
903 2475 949 2509 Ε.
978 2476 1072 2522 Hep.
1099 2476 1192 2510 Eur.
1229 2475 1299 2510 IV.
1327 2488 1366 2521 p.
1399 2477 1481 2509 313.
1534 2473 1675 2508 Hu'bm.

424 2534 559 2580 Hepat.
589 2534 709 2586 Germ.
730 2546 769 2579 p.
803 2537 857 2569 17.
883 2541 979 2570 uota.

244 2605 405 2640 Habitat
437 2606 474 2639 in
504 2605 767 2639 Promontorio
796 2606 926 2639 Bonae
955 2605 1043 2650 Spei
1076 2606 1239 2650 (Zeyher
1271 2605 1309 2639 in
1339 2604 1416 2638 Hb.
1444 2603 1677 2647 Zeyheriano

145 2669 181 2700 et
210 2665 288 2708 N.),
314 2666 350 2699 in
380 2664 563 2698 Districtu
591 2665 740 2707 Albany
766 2675 886 2708 prope
900 2664 1071 2709 Karrega
1099 2665 1229 2699 Rivier
1254 2664 1416 2708 (Ecklon
1444 2663 1480 2697 in
1501 2664 1577 2698 Hb.
1605 2664 1675 2707 L.).

502 2750 537 2782 2.
592 2748 885 2793 Taryionia
908 2748 1146 2784 Mic-helii
1178 2747 1314 2782 Corda.

244 2817 289 2851 T.
304 2817 439 2863 stende
470 2818 760 2852 lineari-cuneata
791 2818 973 2853 obovatave
1004 2819 1161 2864 riyiclula
1195 2825 1288 2852 costa
1320 2820 1359 2852 in
1393 2818 1534 2852 limbum
1560 2825 1675 2852 trans-

146 2881 265 2915 eunte,
285 2877 385 2921 poris
409 2877 610 2923 aequalibus
633 2879 744 2923 mayis
768 2879 921 2913 minusve
946 2880 1153 2924 conspicuis,
1185 2879 1337 2924 squamis
1361 2879 1458 2911 dense
1484 2877 1677 2911 imbricatis

145 2934 379 2978 superioribus
403 2937 576 2981 maryines
601 2936 860 2982 attinyentibus.
