1824 3252
760 211 1067 256 Jungermannia.
1626 217 1672 248 75

160 327 356 371 pleraeque
381 324 585 370 speciosae,
611 327 780 360 90-106.
831 326 1064 369 Europaeae,
1090 334 1290 369 —paucae
1301 324 1495 360 Americae
1510 330 1546 360 et
1561 326 1671 361 Asiae

159 385 328 428 regiones
354 384 517 429 tropicas
541 384 757 419 incolentes.

254 447 284 487 ς.
311 448 345 479 4.
397 444 615 490 Bicuspides.
666 444 771 478 Folia
804 442 1111 486 semiverticaIia,
1144 443 1294 488 oblique
1325 443 1484 478 disticha
1512 447 1576 477 aut
1602 445 1669 478 ad-

159 503 396 545 scendentia,
423 515 560 548 parva,
585 503 777 539 laxissime
803 503 1018 545 reticulata,
1055 503 1156 538 vario
1182 504 1291 538 modo
1321 503 1530 545 bidentata,
1557 503 1670 538 raris-

160 563 251 596 sime
286 563 418 596 trifida.
468 563 748 607 Amphigastria
774 563 811 596 in
836 562 989 607 paucis,
1028 574 1162 606 parva,
1196 564 1342 607 integra
1376 567 1441 597 aut
1467 562 1672 596 bidentata.

161 623 412 658 Fructificatio
437 623 474 657 in
502 624 650 658 surculo
683 622 831 667 proprio
867 623 979 657 ramis
1013 622 1164 667 reliquis
1199 633 1312 667 saepe
1345 622 1534 663 breviore,
1568 621 1674 665 apice

159 684 377 718 incrassato.
437 683 624 717 Involucri
658 682 746 716 folia
781 683 889 726 plura
921 682 1117 716 imbricata
1158 682 1413 725 magnitudine
1455 681 1673 721 crescentia,

161 753 273 786 saepe
299 741 519 786 profundius
551 741 737 785 pluriesve
769 741 856 775 fissa
889 745 925 775 et
956 740 1120 775 dentata.
1174 741 1427 775 Perianthium
1462 744 1674 784 angustum,

159 807 282 842 tenue,
299 800 576 843 acutangulum‚
594 811 657 834 ore
673 800 806 833 lacero.
843 800 976 844 Specc.
995 803 1184 835 107—130.
1220 801 1428 845 Pleraeque
1445 801 1674 844 Europaeae.

254 855 282 903 ξᾷ
309 864 342 894 5.
394 858 627 904 Aequffoliae.
677 858 782 892 Folia
810 862 847 893 et
872 858 1139 903 amphigastria
1165 860 1387 902 conformia,
1419 860 1532 904 igitur
1557 859 1675 894 caulis

160 918 338 953 trifariam
366 918 527 952 foliatus.
1671 915 1673 917 ’

257 989 292 1013 a.
344 977 625 1024 Trichoplzyllae.
672 977 777 1012 Folia
803 981 840 1011 et
875 977 1143 1022 amphigastria
1169 978 1505 1023 tri-pluriparti-ta,
1534 976 1676 1012 laciniis

161 1037 330 1075 setaceis.
365 1037 622 1071 Perianthium
638 1037 728 1071 utin
747 1036 1026 1080 Bicuspidibus.
1068 1038 1222 1081 Species
1237 1042 1387 1072 tenerae
1404 1036 1676 1077 131-133‚hinc

162 1097 466 1143 Illastiyophoreis‚
488 1096 590 1131 illinc
606 1097 790 1143 Herpetiis
811 1101 848 1131 et
863 1096 1028 1131 Ptilidiis
1045 1098 1181 1131 affines.
1220 1096 1429 1141 Pleraeque
1446 1098 1677 1140 Europaeae.

256 1157 290 1191 b.
341 1156 516 1191 Jalaeeae.
568 1157 673 1191 Folia
707 1161 744 1191 et
781 1155 1049 1200 amphigastria
1085 1155 1219 1197 bifida,
1254 1155 1461 1190 imbricata.
1515 1154 1673 1189 Perian-

161 1216 276 1250 thium
303 1216 515 1259 oblongum.
567 1216 809 1260 Specc.134-
828 1218 906 1250 137.
962 1215 1167 1259 Pleraeque
1193 1215 1426 1259 Europaeae.

719 1299 748 1342 ἐ,
787 1302 815 1332 1.
868 1298 1108 1345 Complicatae.
1456 1343 1459 1346 y

255 1357 571 1401 Jungermanuiae
597 1368 812 1393 nemorosae
846 1359 946 1393 Sect.
982 1362 1017 1393 2.
1052 1357 1314 1393 Desciscentes
1352 1358 1400 1392 N.
1434 1357 1475 1391 ab
1503 1356 1550 1390 E.
1584 1355 1677 1401 Hep.

163 1416 254 1450 Eur.
282 1416 315 1450 Ι.
345 1428 383 1462 p.
410 1419 491 1451 225.
540 1417 859 1460 Jungermanuiae
893 1418 992 1452 Sect.
1028 1418 1058 1452 Ι.
1097 1418 1327 1452 Nemorosae
1363 1418 1453 1463 Hep.
1483 1416 1574 1451 Eur.
1604 1415 1678 1449 ΙΙΙ.

158 1488 193 1521 p.
220 1478 303 1510 526.
353 1475 647 1519 Jungermannia
674 1477 773 1511 Sect.
804 1480 834 1511 1.
864 1477 1143 1520 Diplophyllum
1171 1477 1280 1511 Dum.
1308 1476 1396 1523 Syll.
1419 1489 1455 1522 p.
1483 1478 1543 1510 44.

257 1535 363 1569 Folia
399 1539 499 1570 arcte
535 1535 778 1579 complicata,
823 1536 935 1570 bifida
973 1540 1037 1570 aut
1073 1536 1289 1577 bidentata,
1321 1535 1478 1570 distiehe
1511 1534 1678 1579 patentia

162 1595 365 1639 explanata
399 1599 463 1629 aut
495 1594 787 1637 adseendentia,
821 1596 993 1638 rigidula.
1044 1595 1323 1639 Amphigastria
1349 1595 1464 1629 nulla.
1515 1594 1675 1627 Perian-

163 1654 278 1686 thium
317 1654 353 1687 in
394 1654 500 1687 caule
527 1664 676 1688 ramove
712 1653 889 1697 primario
915 1655 1131 1696 terminale,
1165 1655 1366 1697 oblongum
1393 1658 1458 1688 aut
1484 1652 1676 1696 subcylin-

163 1711 328 1752 dricum,
363 1722 383 1745 e
409 1711 516 1745 tereti
544 1712 774 1754 angulatum.
827 1713 956 1747 Caulis
992 1712 1191 1756 primarius
1218 1723 1301 1746 cum
1328 1712 1439 1747 ramis
1465 1712 1677 1754 conformis,

163 1782 231 1804 nec
259 1770 531 1813 rhizomaticus‚
561 1770 642 1805 basi
667 1771 887 1815 praesertim
912 1771 1154 1807 radiculosus.

477 1855 507 1885 1.
558 1853 995 1897 Jncaenyermaoeznia
1020 1853 1262 1887 albicans
1286 1851 1370 1887 Lin.

256 1910 296 1945 J.
318 1910 425 1956 foliis
457 1918 554 1945 arcte
596 1911 807 1957 complicatis
840 1912 955 1957 bifidis
986 1911 1294 1953 subdenda-zelatis,
1337 1910 1421 1946 lehis
1457 1912 1680 1947 acutiusculis

163 1969 340 2011 obtusisve,
367 1969 519 2004 ventrali
544 1969 971 2016 oblonyo-acinacg'formi
1004 1971 1076 2005 basi
1108 1983 1214 2016 aeque
1240 1969 1328 2012 lato,
1361 1970 1492 2005 dorsali
1522 1971 1681 2006 subovato

164 2027 265 2072 duplo
280 2028 410 2062 minore
424 2029 650 2071 incumbente,
662 2030 757 2064 caule
770 2031 995 2064 adscendente
1008 2030 1205 2071 subarhizo,
1215 2029 1416 2075 periantllio
1433 2038 1529 2065 ovato
1540 2031 1680 2077 plicato.

356 2087 404 2121 N.
430 2088 472 2121 ab
499 2089 546 2122 E.
575 2089 669 2134 Hep.
699 2089 792 2123 Eur.
821 2090 850 2122 Ι.
875 2102 909 2135 p.
936 2092 1020 2124 228.
1045 2102 1081 2124 n.
1110 2092 1166 2124 17.
1195 2090 1247 2123 II.
1266 2101 1304 2134 p.
1329 2092 1413 2124 437.
1441 2090 1514 2123 III.
1537 2102 1574 2135 p.
1595 2091 1679 2124 526.

444 2136 513 2170 IV.
555 2148 595 2181 p.
622 2137 865 2171 XXXVIII.
918 2138 1112 2182 Montayne
1142 2137 1179 2170 in
1212 2137 1315 2170 Webb
1348 2144 1380 2171 et
1417 2136 1577 2172 Bertliel.
1606 2137 1681 2170 Ins.

442 2183 528 2218 Can.
556 2184 642 2218 Bot.
669 2197 708 2230 p.
734 2187 792 2219 48.

245 2251 281 2281 a,
307 2240 434 2275 vittata
446 2267 454 2283 ‚
470 2243 558 2275 soliis
572 2245 651 2276 vitta
667 2243 781 2276 media
794 2245 969 2276 latiuscula
985 2254 1025 2276 ex
1039 2245 1161 2276 areolis
1178 2245 1352 2286 elongatis,
1367 2256 1385 2275 a
1396 2243 1469 2275 basi
1482 2254 1543 2287 per
1558 2243 1681 2276 lobum

311 2310 495 2344 utrumque
521 2303 814 2346 procurrentibus,
841 2312 1033 2336 constructa
1059 2314 1272 2346 nervumque
1298 2303 1495 2342 mentiente,
1510 2300 1683 2345 praeditis.

446 2360 493 2393 N.
521 2360 562 2394 ab
590 2362 637 2395 Ε.
666 2361 688 2396 l.
715 2374 744 2397 c.

216 2427 286 2460 041,
313 2418 443 2460 maior,
479 2421 574 2451 caule
606 2422 708 2463 longe
743 2421 989 2462 adscendente,
1025 2422 1115 2453 soliis
1151 2420 1317 2453 viridibus
1352 2421 1406 2452 vel
1432 2416 1683 2451 rufescentibus

311 2479 473 2512 siccando
501 2479 726 2511 albicantibus
753 2481 861 2522 planis
887 2482 940 2513 vel
966 2480 1204 2520 subconvexis,
1230 2481 1309 2511 vitta
1333 2478 1478 2524 hyalina.

448 2537 495 2570 N.
522 2536 563 2570 ab
590 2537 638 2571 E.
666 2537 687 2572 l.
714 2550 741 2571 c.

445 2598 712 2638 Jnngermannia
738 2598 887 2629 albicans
922 2597 966 2631 L.
1006 2597 1105 2642 Spec.
1128 2596 1179 2642 pl.
1210 2608 1248 2642 p.
1281 2598 1383 2630 1599.
1435 2595 1549 2629 Hook.
1584 2592 1683 2625 Brit.

504 2644 613 2688 Juny.
640 2650 666 2679 t.
689 2647 748 2678 25.
784 2642 932 2687 (demtis
953 2645 1044 2690 fiyy.
1072 2648 1094 2678 4
1120 2651 1153 2678 et
1177 2646 1237 2688 5.)
1289 2643 1420 2677 Ekart.
1456 2643 1542 2688 Syn.
1574 2639 1683 2691 szngs.

499 2703 536 2736 p.
563 2695 621 2725 29.
656 2704 689 2725 η.
725 2696 783 2726 45.
817 2697 842 2725 t.
869 2695 902 2725 7.
925 2694 963 2737 f.
990 2695 1049 2726 55.
1103 2692 1160 2725 De
1185 2691 1331 2725 Notaris
1354 2691 1471 2723 Prim.
1491 2689 1583 2732 Hep.
1608 2685 1683 2720 ztal.

502 2751 537 2783 p.
569 2742 623 2773 16.
659 2751 693 2773 n.
725 2742 777 2773 13.
838 2739 1012 2773 Easiecat.
1050 2738 1189 2772 Hic'ben.
1224 2745 1255 2771 et
1290 2737 1420 2771 Gentlz.
1450 2737 1542 2780 Hep.
1564 2733 1684 2767 Germ.

506 2786 536 2820 Ι.
565 2798 597 2819 η.
624 2789 683 2820 22.
739 2787 878 2831 Hampe
912 2787 1006 2832 Hep.
1047 2798 1082 2820 n.
1108 2789 1141 2820 6.
1186 2786 1308 2829 Mouss.
1338 2790 1371 2818 et
1401 2782 1510 2817 Nestl.
1546 2780 1599 2816 St.
1637 2792 1685 2813 er.

510 2833 747 2877 {soff-Rhea.
776 2834 848 2867 ΙΙΙ.
876 2846 909 2867 n.
936 2837 1020 2870 241.

447 2893 712 2933 ,lungermannia
740 2895 858 2926 falcata
887 2893 1009 2927 Rachle·
1045 2892 1376 2937 szyermannioyr.
1412 2888 1496 2922 Etr.
1528 2887 1564 2919 in
1588 2897 1684 2919 mem.

507 2938 595 2973 della
622 2940 698 2974 Soc.
727 2940 815 2976 Ital.
841 2941 877 2974 cli
905 2941 1004 2975 Mod.
1033 2941 1149 2974 XIX.
1170 2952 1207 2985 p.
1235 2942 1292 2973 33.
1320 2939 1370 2972 ed.
1388 2936 1505 2970 Bonn.
1528 2946 1564 2979 p.
1585 2936 1637 2967 13.
