1824 3252
119 168 167 198 40
754 162 997 207 Plagiochila.

117 275 264 310 ventrali
288 275 405 310 subtus
430 275 756 321 reflato-cucullatis
781 276 1107 322 anzplziyastriisque
1132 275 1400 322 subquctde·3fidis
1426 278 1522 323 longle
1548 280 1633 313 (len-

119 334 360 375 tato-cuiatis,
383 334 515 379 fructu
550 334 747 376 terminali,
778 335 979 380 periantlzio
1005 340 1121 375 orato,
1156 346 1212 367 ore
1240 341 1398 370 truncato
1425 337 1529 382 bifido
1554 339 1634 371 den—

119 401 190 428 tato
204 414 218 419 -
229 395 355 429 eiliato.

311 452 479 487 Lindenb.
508 451 606 497 Spec.
635 453 728 499 Hep.
751 467 788 499 p.
822 456 899 486 104.
928 464 961 486 n.
987 455 1046 486 64.
1076 459 1099 485 t.
1126 456 1184 486 22.

307 514 572 555 Jungermanuia
610 512 839 544 bantamensis
878 512 924 544 N.
951 510 992 544 ab
1023 510 1068 544 Ε.
1106 511 1198 556 Hep.
1225 511 1306 545 Jav.
1336 524 1374 558 p.
1401 516 1483 547 235.
1519 526 1552 547 η.
1578 518 1635 548 52.

395 569 524 603 Enum.
546 569 596 615 pl.
624 577 733 616 crypt.
761 570 872 602 Javae
898 569 1001 603 Fase.
1031 569 1060 603 I.
1082 581 1119 614 11.
1148 571 1205 604 69.
1234 582 1267 603 n.
1295 573 1351 604 95.
1404 571 1636 617 Spr.S.Vey.

396 628 464 662 IV.
498 631 525 661 l.
546 641 584 673 p.
613 631 697 663 225.
724 640 757 662 n.
784 631 841 663 94.

139 714 144 718 -
188 703 221 738 β,
259 699 380 738 minor,
405 700 507 742 paulo
534 701 660 739 minor,
702 699 898 743 periauthiis
926 700 1121 732 lateralibus
1149 700 1366 733 brevioribus
1394 706 1636 746 campanulatis

260 759 466 800 compressis
494 758 597 789 dorso
626 760 910 798 convexiusculis,
938 771 997 791 ore
1025 760 1164 802 oblique
1200 769 1355 793 truncato
1383 761 1544 793 ciliolato.

212 826 358 861 Piscilla
384 827 420 860 in
449 828 518 861 hac
545 827 716 872 plurima,
746 829 927 872 conferta,
955 829 1130 871 linearia,
1159 830 1286 872 fusca,
1315 830 1503 872 abortiva,
1531 833 1633 875 caly-

116 897 197 919 cunr
225 886 316 920 situs
342 887 507 921 lateralis
535 889 581 921 ob
609 888 906 932 progredientem
934 889 1225 932 innovationem,
1253 889 1494 934 ejusdemque
1520 890 1637 933 figura

117 945 238 980 minus
266 946 463 989 completa.

212 1005 379 1050 Utraque
401 1005 563 1040 varietas
581 1006 616 1039 in
635 1005 824 1041 montibus
843 1007 928 1041 altis
941 1006 1162 1041 Provinciae
1177 1008 1336 1040 Bantam
1351 1007 1471 1042 Javae
1490 1008 1637 1043 insulae

116 1074 199 1098 cum
225 1064 345 1099 fructu
374 1065 524 1099 inventa
550 1069 626 1104 est,
662 1065 745 1099 aliis
780 1066 817 1100 in
853 1066 944 1100 locis
979 1065 1095 1100 rarior
1133 1065 1342 1110 sterilisque
1367 1067 1532 1110 (Blume‚
1561 1069 1636 1102 Hb.

118 1122 196 1165 N.).
248 1123 337 1157 Var.
364 1126 386 1164 β
413 1123 449 1157 in
478 1123 620 1157 Manila
647 1124 833 1169 (Meyen).

215 1184 245 1215 A
275 1181 504 1226 Plctyioeltilis
539 1183 692 1218 ciliolata
718 1189 754 1218 et
779 1191 909 1219 castata
937 1185 1044 1219 facile
1071 1185 1313 1229 distinguitur
1339 1189 1482 1220 statura
1508 1187 1636 1221 maiori

118 1243 154 1271 ct
182 1241 455 1284 amphigastriis
482 1242 577 1277 foliis
604 1243 813 1288 quadruplo
838 1243 1046 1279 minoribus
1072 1244 1299 1289 quadrifidis.

215 1298 357 1334 Habitu
395 1312 507 1349 quain
546 1302 709 1336 maxime
749 1303 860 1338 refert
902 1303 1163 1348 Plaqiocbilam
1199 1305 1380 1338 cristatam
1422 1304 1470 1338 N.
1510 1305 1555 1338 ab
1594 1306 1636 1339 E.

119 1355 313 1401 maiorem,
351 1362 415 1395 sed
451 1362 571 1396 differt
599 1363 873 1407 amphigastriis
900 1374 1047 1407 semper
1073 1362 1212 1405 obviis,
1254 1362 1399 1398 etiamsi
1427 1363 1638 1398 difficillime

117 1417 335 1460 detegendis
369 1425 406 1455 et
442 1422 488 1455 ab
524 1421 674 1457 incauto
708 1422 947 1457 observatore
982 1432 1065 1456 cum
1106 1421 1273 1465 margine
1308 1422 1434 1457 ciliato
1466 1422 1637 1458 soliorum

118 1474 154 1508 in
189 1477 331 1512 caulem
368 1479 662 1523 decurrentium,
698 1481 990 1523 confundendis,
1026 1485 1102 1516 tum
1140 1492 1227 1515 vero
1262 1482 1330 1514 hoc
1366 1481 1446 1525 ipso
1473 1483 1639 1525 margine

118 1534 267 1570 cristam
294 1537 529 1582 distinctam,
567 1545 607 1574 ut
639 1540 676 1574 in
704 1541 810 1586 Pzay.
837 1541 1002 1583 cristata,
1031 1551 1103 1575 non
1132 1543 1366 1581 exstruente,
1406 1552 1517 1584 porro
1544 1542 1639 1576 foliis

119 1595 396 1636 angustioribus
435 1599 667 1634 tenuioribus
710 1600 816 1644 apice
861 1600 1116 1636 subtruncatis
1157 1600 1265 1643 longo
1309 1600 1444 1634 ciliatis
1490 1600 1633 1635 laxius-

120 1662 192 1695 que
220 1656 402 1691 areolatis.

121 1758 149 1797 §.
178 1760 213 1792 4.
243 1758 427 1795 Cristatae.
478 1763 583 1798 Folia
610 1764 689 1798 basi
716 1765 873 1799 ventrali
901 1765 1057 1799 dilatata
1085 1770 1121 1798 et
1147 1765 1203 1799 vel
1232 1764 1357 1798 omnia
1382 1764 1436 1798 vel
1465 1764 1642 1808 pleraque

121 1815 157 1848 in
192 1818 341 1853 cristam
379 1821 643 1855 bilamellatam
678 1823 935 1860 conniventia,
972 1823 1227 1869 denticulata,
1281 1822 1496 1856 Perianthia
1532 1822 1638 1855 invo-

728 1882 830 1915 lucro
857 1882 1035 1924 longiora.

446 1975 501 2005 41.
554 1973 889 2018 Plctyiochfila
909 1982 1134 2017 procera
1160 1973 1319 2016 Lindbg.

222 2041 282 2074 Pl.
318 2042 413 2076 caule
444 2051 597 2088 repente,
635 2046 742 2079 ramis
779 2046 898 2080 erectis
933 2058 954 2078 a
975 2045 1086 2079 medio
1112 2044 1312 2078 clielwtomis
1326 2044 1514 2090 flea'uosis‚
1535 2044 1643 2088 soliis

124 2105 218 2132 arcte
243 2100 435 2136 imbricatis
454 2104 864 2148 patenti-diveryentibus
891 2104 1245 2138 dimidiato-cordatis
1269 2104 1467 2138 rotundatis
1490 2106 1645 2138 eonveaeis

126 2157 260 2202 lonyius
285 2161 542 2195 decurrentibus
574 2164 732 2207 maryine
763 2162 914 2197 vevetrali
947 2163 1058 2197 baseos
1083 2163 1201 2197 subtus
1233 2163 1269 2196 in
1295 2163 1436 2197 cristam
1460 2165 1641 2198 conniven-

127 2216 217 2251 tibus
241 2225 335 2252 arcte
360 2220 488 2255 ciliatis
514 2222 642 2256 dor-sali
667 2222 739 2256 basi
765 2223 901 2268 reflexis
926 2222 1157 2267 {meyer-rimis
1189 2234 1305 2256 versus
1329 2223 1461 2268 apicem
1484 2224 1645 2269 apieeque

125 2277 196 2320 ipso
218 2276 335 2321 planis
360 2287 485 2314 remote
509 2281 828 2323 serrato-dentatis,
842 2282 975 2326 fluctu
1001 2281 1154 2321 laterali,
1174 2280 1376 2326 periantbio
1401 2281 1535 2327 oblique
1551 2294 1643 2316 eam-

118 2333 290 2377 panulato
316 2341 472 2383 maryine
496 2339 588 2374 alato
613 2339 696 2384 (ala
721 2347 866 2386 anyusta
892 2342 989 2387 apice
1013 2338 1244 2385 2-3-spina),
1270 2352 1328 2373 ore
1349 2341 1500 2386 repando
1514 2341 1642 2375 ciliaco.

315 2408 484 2444 Lindenb.
510 2411 608 2456 Spec.
636 2411 731 2457 Hep.
756 2411 808 2444 II.
837 2410 911 2444 111.
931 2423 969 2456 p.
998 2413 1055 2445 40.
1082 2423 1116 2444 n.
1144 2413 1202 2444 21.
1232 2418 1255 2444 t.
1283 2411 1368 2456 7.f.
1400 2414 1430 2445 1.

224 2476 383 2513 Habitat
400 2480 437 2514 in
455 2481 672 2516 Columbiae
699 2481 801 2516 silvis
829 2481 876 2514 ad
897 2480 1023 2516 Bafios
1051 2481 1241 2525 (Jameson
1260 2481 1295 2515 in
1312 2481 1386 2515 Hb.
1405 2481 1480 2515 Hk.
1496 2485 1533 2515 et
1548 2481 1641 2525 Lg.).

222 2547 255 2580 A
286 2549 510 2593 I’layioeleilis
534 2553 730 2586 adiantoide
756 2560 791 2586 et
817 2552 1076 2598 macrostaelcya
1103 2553 1198 2586 inter
1226 2552 1299 2586 alia
1326 2551 1504 2595 imprimis
1531 2551 1644 2585 erista

129 2605 283 2639 ventrali
306 2607 473 2649 foliacea,
504 2621 522 2642 a
543 2611 852 2644 confamiliarium
871 2621 981 2654 grege
998 2612 1093 2646 notis
1110 2623 1222 2656 supra
1239 2612 1375 2646 adlatis
1391 2610 1642 2654 distinguitur.

360 2706 417 2737 42.
466 2705 803 2749 Plagiocln‘la
827 2706 1186 2742 noch-stetten·
1220 2707 1267 2742 N.
1297 2708 1343 2741 ab
1371 2706 1411 2739 E.

226 2772 287 2805 Pl.
315 2774 410 2808 caule
435 2782 585 2821 repente,
612 2777 718 2810 ramis
745 2778 865 2810 erectis
892 2776 963 2810 basi
989 2777 1147 2812 indivisis
1173 2778 1268 2824 apice
1294 2777 1646 2811 iterato-dicbotmnis

129 2831 274 2865 ramulis
305 2834 565 2876 strictiusculis‚
598 2835 705 2879 foliis
740 2842 834 2869 arcte
865 2835 1057 2870 imbricatis
1085 2835 1506 2882 patenti—diveryentibus
1541 2835 1644 2868 dimi-

132 2889 397 2927 diaco-cordatis
421 2894 618 2928 rotundatis
643 2895 796 2929 convexis
822 2893 918 2938 lonye
943 2895 1203 2930 decurrentibus
1227 2895 1460 2941 inteyerrimis
1484 2893 1645 2940 repandis
