1824 3252
150 174 224 208 266
797 166 1037 202 Madotheca.

154 286 413 331 subrepanda,
448 283 604 318 ventrali
631 281 831 321 undulata,
867 280 974 324 apice
1000 292 1112 325 parce
1139 281 1522 326 spinuloso-ciliata‚
1562 282 1681 318 rarius

153 345 211 379 vel
237 344 476 388 integerrima
509 343 570 377 vel
604 341 715 375 unico
749 340 859 374 dente
893 340 1007 384 longo
1039 341 1248 384 spiniformi
1273 343 1475 385 instructa,
1510 343 1681 385 flaccida,

155 405 416 439 fuscescentia.
477 400 612 436 Lobuli
646 400 743 444 plica
778 399 922 432 minuta
957 410 1041 433 cum
1077 400 1162 435 lobo
1199 401 1335 436 dorsali
1379 401 1570 436 coniuncti
1615 413 1682 436 nec

156 464 252 498 cauli
281 464 368 505 soli,
396 466 437 496 ut
464 462 486 495 l.
512 472 543 495 c.
573 459 730 499 dicitur,
758 458 892 501 adfixi,
920 459 1017 493 foliis
1044 459 1154 503 triplo
1181 461 1361 502 minores,
1389 461 1554 505 figurati,
1582 461 1679 496 inte—

156 524 315 566 gerrimi.
354 520 621 567 Amphrysi-stria
647 530 831 560 convexa,
858 520 1194 564 ovato—quadrata,
1229 521 1376 561 obtusa,
1402 522 1484 556 basi
1512 524 1682 567 utrinque

155 582 290 626 plicata
324 586 360 615 et
392 580 650 622 decurrentia,
694 579 933 622 integerrima
973 579 1029 612 vel
1070 590 1187 623 parce
1224 580 1478 624 denticulata,
1515 584 1682 618 flaccida.

154 643 321 676 Textura
346 642 454 681 laxa,
491 640 639 674 areolae
667 639 849 673 rotundae
880 638 1087 673 minoribus
1114 639 1282 681 cinctae,
1317 640 1355 674 in
1394 641 1475 676 basi
1512 642 1683 678 foliorum

154 701 326 743 maiores,
353 701 568 735 discolores.
620 699 780 733 Fructus
807 698 1053 733 desideratur.

420 798 453 829 6.
505 794 824 829 Maaotheca
850 791 1140 838 actztaejfolia
1167 793 1208 827 L.
1240 796 1276 826 et
1301 793 1420 838 Ldbg.

251 868 307 901 M.
346 866 442 900 caule
480 872 613 912 repente
656 868 764 900 ramis
801 867 919 900 erectis
957 865 1170 912 bipz'nmttiS,
1203 866 1308 912 jbliis
1350 867 1686 903 subltorizontalibus

154 925 285 971 oblique
309 926 419 960 acatis
443 927 652 960 acuminatis
672 926 1134 972 apieulcieo-denticulatisre
1159 927 1254 972 apice
1276 928 1439 969 recum-is,
1466 927 1576 962 [obulo
1595 928 1685 973 liqu-

156 985 223 1018 lato
250 985 474 1020 lanceolatoz-e2
499 985 614 1020 obtuso
634 985 755 1032 plano,
781 987 1039 1033 amphiyastriis
1064 986 1419 1032 oblonyo-qnadratis
1442 986 1684 1033 subadpressis,

155 1046 327 1079 interdum
361 1045 548 1091 apiculatis
579 1045 751 1089 (vulscime
783 1059 897 1080 ret-sus
920 1048 1152 1080 summitatem
1172 1046 1361 1093 plantae),
1389 1048 1520 1093 sinete(
1556 1049 1592 1080 iri
1619 1060 1681 1080 ra-

155 1104 258 1138 mulis
284 1104 437 1146 laterali,
452 1105 558 1150 jbliis
579 1105 846 1140 incolum-talibas
862 1106 1106 1152 conformibus,
1128 1106 1322 1152 per-iantlaeii
1347 1106 1367 1150 (
1373 1107 1531 1140 iuvenilis
1549 1113 1685 1141 tantum

157 1166 243 1209 visit)
268 1178 325 1199 ore
351 1166 514 1199 laciniam
526 1187 540 1191 -
553 1166 704 1199 dentato.

350 1228 553 1259 Madoiheca
590 1228 762 1259 acutisolia
799 1226 840 1259 L.
869 1232 900 1258 e!
927 1226 993 1269 Ly.
1029 1226 1063 1259 in
1104 1226 1221 1260 Lehm.
1260 1238 1336 1259 nov.
1374 1233 1406 1260 et
1443 1226 1556 1260 minus
1592 1238 1685 1271 coqu.

435 1286 536 1332 stim).
565 1287 658 1331 Pny.
686 1286 777 1319 VII.
811 1289 911 1320 1838.
935 1298 973 1331 p.
1001 1290 1034 1319 ὃ.
1063 1299 1094 1318 η.
1126 1289 1156 1319 1.
1209 1285 1370 1319 Gottselze
1385 1285 1436 1321 Ic.
1455 1288 1549 1333 Hel).
1568 1287 1685 1320 inedit.

255 1346 414 1380 Habitat
446 1356 562 1389 prope
595 1345 745 1378 Mamas
772 1350 808 1380 ct
835 1346 869 1379 in
902 1345 1108 1379 peninsula
1135 1345 1267 1379 Indiae
1301 1345 1491 1380 orientalis
1519 1346 1607 1389 legit
1640 1345 1687 1378 cl.

160 1406 224 1440 Dr.
253 1405 397 1449 wight.
454 1405 582 1448 Wight
611 1406 750 1449 Hepat.
780 1417 813 1439 n.
841 1409 863 1439 9
891 1410 928 1438 et
956 1416 989 1438 n.
1017 1408 1073 1439 38.
1103 1405 1254 1448 (Wight
1280 1405 1316 1439 in
1346 1406 1420 1440 Hb.
1452 1406 1527 1450 N.).

254 1466 375 1500 Csmlis
402 1477 552 1510 repens,
587 1465 676 1498 rami
704 1465 1045 1509 2-3—1)ollicares‚
1075 1464 1207 1504 erecti,
1242 1465 1384 1508 pinnati
1414 1466 1687 1509 bipinnatique‚

154 1526 306 1560 ramulis
333 1525 520 1570 primariis
548 1525 690 1559 scilicet
718 1525 773 1558 vel
801 1525 1034 1569 simplicibus
1054 1525 1108 1558 vel
1131 1524 1265 1558 iterum
1288 1524 1516 1559 brevissimis
1534 1524 1685 1559 ramulis

153 1585 360 1619 instructis.
413 1585 510 1618 Sunt
536 1596 622 1619 vero
651 1584 743 1618 rami
772 1585 850 1618 basi
881 1583 1007 1618 brevio
1035 1584 1158 1628 spatio
1186 1585 1298 1626 nudi,
1333 1589 1409 1618 tum
1438 1585 1533 1619 foliis
1559 1583 1685 1618 vestiti

154 1649 254 1679 arcte
281 1644 500 1679 imbricatis.
553 1644 656 1677 Folia
682 1645 808 1688 paullo
835 1644 984 1688 oblique
1010 1643 1106 1677 cauli
1137 1643 1297 1685 adnata,
1323 1644 1684 1686 dimidiato-ovata,

156 1704 321 1748 margine
349 1704 486 1738 dorsali
514 1704 594 1738 basi
624 1705 826 1738 rotundata
860 1714 992 1738 tersus
1031 1702 1174 1746 apicem
1203 1703 1418 1746 aemulata,
1459 1703 1685 1745 acuminata,

158 1769 270 1799 acuta
309 1769 345 1797 et
383 1764 867 1808 apiculam-denticulata.
933 1763 1190 1807 Reperiuntur
1224 1763 1323 1797 enim
1363 1764 1422 1798 vel
1463 1763 1500 1798 in
1540 1763 1686 1807 longius

155 1835 312 1865 acumen
348 1825 532 1869 producta
573 1825 629 1858 vel
667 1825 773 1868 apice
812 1823 1071 1858 obtusiuscula
1106 1827 1143 1857 et
1175 1822 1353 1857 dentibus
1382 1826 1465 1856 1-3
1491 1822 1686 1862 instructa,

153 1885 296 1929 reliquo
323 1884 465 1918 ambitu
492 1883 753 1926 integerrima,
782 1883 919 1924 nitida,
954 1884 1089 1917 lineam
1119 1883 1241 1924 longa.
1293 1882 1427 1917 Lobuli
1454 1882 1556 1926 plani
1590 1881 1686 1916 foliis

154 1944 265 1988 triplo
290 1944 462 1986 minores,
491 1943 656 1986 supremi
682 1942 856 1984 maiores,
883 1943 1066 1987 adpoessi,
1097 1938 1282 1975 imbricati
1302 1942 1358 1976 vel
1386 1940 1528 1984 ligulati
1549 1939 1687 1981 obtusi,

156 2004 213 2038 vel
248 2003 449 2037 lanceolati
485 2002 597 2037 acuti.
658 2002 935 2046 Aurpliigastria
969 2001 1387 2046 oblongo-quadrata,
1427 2001 1685 2043 subtruncata‚

155 2063 413 2105 integerrima,
451 2062 629 2106 pleraque
670 2063 871 2105 adpoessa,
919 2062 955 2094 in
997 2061 1119 2095 media
1159 2062 1286 2105 planta
1325 2061 1505 2095 nonnulla
1544 2059 1687 2093 maiora

157 2122 308 2156 reflexa.
362 2122 473 2156 Color
499 2122 616 2155 caulis
645 2121 762 2154 dilute
790 2121 929 2162 fuscus,
957 2121 1126 2155 foliorum
1156 2120 1528 2153 viridi-fuscescens.
1582 2118 1688 2152 Retis

158 2182 306 2217 areolae
333 2182 499 2215 minutae
528 2181 760 2224 hexagonae.
810 2180 964 2224 (Ldbg)

254 2242 414 2276 Fructus
448 2241 485 2274 in
514 2241 655 2274 ramulo
684 2239 849 2281 laterali,
883 2243 905 2273 3
940 2238 1110 2273 foliorum
1147 2238 1337 2273 verticillis
1372 2242 1516 2272 tanturn
1550 2238 1687 2280 fultus;

159 2303 196 2338 in
221 2301 429 2346 perianthio
448 2301 614 2343 iuvenili,
640 2301 687 2335 ad
713 2300 875 2334 medium
895 2299 1117 2343 pistillorum
1140 2298 1412 2342 longitudinem
1430 2299 1507 2333 sere
1524 2298 1684 2334 adscen-

159 2362 284 2404 dente,
312 2360 524 2395 invenimus
555 2363 597 2394 12
623 2360 776 2405 pistilla‚
805 2360 840 2393 in
869 2359 941 2392 alio
968 2359 1014 2391 ad
1043 2361 1090 2392 20
1108 2358 1397 2393 numeravimus.
1439 2358 1686 2392 Periamhimn

159 2432 220 2456 ore
254 2421 291 2454 in
329 2424 421 2455 7-8
456 2420 611 2454 lacinias
648 2420 782 2453 iterum
823 2419 996 2451 dentatas
1036 2418 1163 2452 fissum
1200 2418 1366 2461 videtur,
1407 2428 1564 2463 quarum
1601 2417 1689 2452 cilia

159 2480 318 2524 simplici
346 2480 562 2514 cellularum
591 2479 723 2513 ordino
749 2478 813 2521 (ex
840 2481 924 2511 octo
950 2477 1112 2521 cellulis)
1138 2479 1299 2512 conflata
1325 2482 1443 2512 erant.
1495 2477 1600 2511 Folia
1632 2478 1687 2511 in-

163 2539 349 2573 volucralia
378 2539 536 2572 caulinis
563 2538 790 2572 videbantur
816 2537 1033 2571 conformia.
1077 2537 1302 2580 (Gottschc.)

257 2600 288 2633 O
305 2599 366 2633 bs.
420 2598 646 2632 Madotheeae
671 2597 813 2643 reflat-ae
838 2596 969 2630 habitu
997 2600 1054 2630 est
1081 2596 1288 2636 simillima,
1323 2595 1387 2629 sed
1416 2594 1513 2629 foliis
1541 2594 1685 2628 acumi-

161 2658 258 2692 natis
299 2657 773 2701 apiculato-dentatisve‚
816 2656 911 2690 lobis
951 2660 988 2691 et
1027 2655 1302 2700 amphigastriis
1341 2659 1443 2690 arcte
1483 2654 1688 2689 imbricatis

161 2718 283 2762 planis
310 2718 497 2762 adpressis
524 2717 633 2752 valde
660 2721 718 2751 est
742 2716 900 2750 diversa.

457 2799 481 2841 †
516 2802 550 2833 7.
601 2798 923 2833 Maaotheea
949 2796 1207 2831 assimilis
1233 2796 1397 2841 Hampe.

257 2870 313 2903 M.
347 2870 444 2904 caule
464 2869 707 2916 procumbente
732 2870 842 2903 ramis
861 2869 1039 2915 pinnati-9,
1062 2868 1170 2914 foliis
1201 2868 1395 2903 imbricatis
1426 2868 1533 2903 ovatis
1561 2866 1694 2901 obtusis.

162 2930 318 2974 mat-[sine
335 2932 468 2976 postico
495 2931 591 2965 basin
616 2942 731 2965 versus
756 2929 905 2964 dilatato
930 2928 1097 2963 undulata
1122 2928 1410 2975 repando-labam
1435 2928 1534 2963 iuxta
1556 2926 1687 2961 caulem
