1824 3252
117 222 191 256 628
777 215 1024 261 Plagiochila.

116 339 251 379 curvis,
284 333 452 382 inferiori
483 333 643 380 apiceque
666 331 833 374 (laetatis,
862 332 1067 379 pet-ianthio
1100 334 1236 368 demum
1270 333 1413 369 laterali
1445 347 1486 369 ex
1510 340 1661 380 anqusta

117 398 192 434 basi
215 396 355 442 oblonyo
379 394 750 429 rotundato-truncato
776 393 929 427 dentato.

309 454 520 498 Plagioclnla
548 453 714 485 Colensoi
751 452 855 499 Tayl.
892 453 981 487 Nov.
1016 452 1111 499 Hep.
1146 454 1184 487 in
1218 453 1330 488 Lond.
1363 453 1492 489 Journ.
1528 454 1663 501 quot.

401 503 506 536 1846.
527 513 566 547 p.
592 503 678 535 269.
705 513 741 536 η.
767 504 829 536 25.

214 562 375 598 Habitat
400 561 438 596 in
467 561 576 596 Nova
601 560 808 595 Zeelandia
837 561 1021 605 (Colenso
1046 560 1084 595 iu
1112 561 1189 596 Hb.
1218 561 1377 606 Hook.).

213 623 414 668 Caespites
449 621 547 663 laxi,
583 620 903 657 fusco—olivacei.
965 621 1104 656 Caules
1142 622 1220 656 fere
1259 620 1517 667 bipollicares‚
1555 623 1663 658 varie

114 684 264 719 ramosi.
315 681 421 717 Folia
446 681 624 715 inferiora
651 680 819 722 minora,
848 680 925 716 fere
952 682 1137 724 rotunda,
1164 682 1291 717 omnia
1319 682 1464 717 cellulis
1492 683 1660 718 minutis.

115 743 380 791 Inflorescentia
412 741 570 776 mascula
607 741 714 786 spica
749 742 960 776 lanceolata
995 745 1018 777 7
1052 763 1068 769 -
1106 745 1128 777 8
1166 742 1313 787 parium
1349 742 1520 778 soliorum
1556 745 1663 777 arcte

115 805 382 849 adpressorum
409 801 446 836 in
474 801 598 836 medio
625 811 741 835 ramo.
794 801 902 836 Folia
927 802 1157 836 involem-alia
1184 807 1322 845 erecta,
1347 802 1560 847 perianthio
1587 802 1657 836 ad-

113 875 246 910 pressa
278 868 316 898 et
342 865 363 906 ξ
390 862 471 896 eius
509 861 759 905 longitudinis
786 862 1016 906 obtegentia.
1070 862 1268 898 Pedicellus
1300 874 1435 908 parum
1470 867 1656 898 exsertus.

116 923 271 971 Capsula
298 924 477 966 oblonga.
793 930 799 934 ·

211 984 275 1018 Pl.
309 983 467 1018 aculeata
501 982 643 1026 gaudet
685 981 784 1017 soliis
819 981 1170 1027 circumscriptione
1205 981 1404 1018 simillimis
1439 982 1506 1017 sed
1539 983 1659 1027 magis

112 1045 330 1091 patentibus
364 1049 401 1078 et
434 1043 566 1078 fortius
605 1042 848 1077 denticulatis
876 1043 1097 1088 cellulisque
1125 1043 1351 1085 maioribus,
1386 1042 1474 1076 dum
1502 1043 1657 1087 perian-

112 1106 231 1140 thium
260 1104 412 1139 brevius
440 1107 498 1138 est
524 1108 561 1137 ct
588 1102 720 1137 fortius
747 1102 927 1136 ciliatum.
982 1103 1138 1147 (Taylor
1164 1104 1186 1138 Ι.
1216 1104 1265 1149 c.)

112 1202 148 1236 p.
176 1193 236 1224 26.
337 1193 358 1224 3
379 1190 414 1223 d.
441 1188 786 1234 Plagiocln‘la
811 1188 1049 1222 uncialis
1075 1188 1213 1232 Taylor
1231 1192 1268 1222 et
1288 1188 1412 1223 Hook.
1427 1188 1511 1233 jun.

211 1250 272 1285 Pl.
299 1249 396 1284 caule
422 1250 608 1294 caespitoso
629 1254 738 1281 erecto
763 1259 912 1288 ramosa,
930 1247 1039 1292 foliis
1054 1246 1313 1282 subimbrieatis
1336 1247 1658 1295 erecto-patentibus

111 1312 268 1346 concavis
294 1310 363 1344 late
387 1307 556 1349 oralz'bus,
584 1308 742 1351 maryine
769 1307 933 1352 inferiori
957 1307 1162 1342 snbrecurvo
1186 1309 1339 1351 (lentato,
1365 1309 1537 1355 superiori
1562 1309 1654 1342 inte-

107 1373 282 1418 yet-rimo,
304 1369 510 1418 pcrimztltio
537 1367 715 1402 terminali
742 1366 809 1400 late
833 1365 975 1401 obovato
1002 1366 1249 1410 subm-uncam,
1275 1381 1332 1402 ore
1357 1367 1660 1403 dentato-ciliaco..

307 1431 579 1474 Jnngermannia
607 1430 751 1461 uncialis
790 1426 925 1474 Taylor
951 1427 1047 1474 Hep.
1075 1434 1226 1463 (tutaret.
1262 1431 1300 1462 in
1325 1429 1438 1463 Lond.
1465 1428 1593 1463 Journ.
1620 1427 1670 1474 qs

393 1477 460 1512 bot.
492 1480 597 1514 1844.
618 1489 657 1522 p.
684 1479 769 1510 459.
795 1489 830 1510 n.
862 1479 916 1510 lO.

208 1539 371 1574 Habitat
397 1539 436 1573 in
468 1537 730 1572 Promontorio
759 1536 867 1570 Horn
896 1537 954 1579 (07¹
986 1538 1023 1570 et
1058 1535 1112 1581 9)
1139 1536 1207 1571 Dr.
1237 1535 1391 1570 Hooker
1413 1535 1496 1579 jun.

208 1599 407 1644 Caespites
436 1598 514 1638 lati,
542 1597 682 1642 pallide
708 1595 984 1631 ssavo-virides.
1037 1596 1163 1631 Caules
1190 1596 1252 1630 vix
1275 1595 1489 1640 pollicares,
1515 1592 1659 1629 surculi.

109 1661 293 1697 fructiferi
330 1658 601 1701 subfastigiati.
659 1657 765 1692 Folia
800 1667 875 1691 non
904 1656 1161 1699 decurrentia,
1198 1655 1428 1691 involucralia
1461 1654 1656 1690 dimidiam

110 1720 314 1766 perinnthii
343 1719 617 1763 longitudinem
645 1717 860 1763 aequantia.
915 1718 1166 1752 Perianthimn
1199 1717 1659 1757 rotundato-truncatum,

111 1791 381 1827 compressum,
409 1780 495 1814 hinc
523 1778 746 1824 profundius
774 1778 916 1812 fissum.
971 1777 1123 1824 Capsula
1148 1776 1564 1821 oblongo-sphaerica,
1590 1774 1655 1809 vix

111 1846 274 1877 exserta.
330 1839 593 1887 Inflorescentiu
619 1837 771 1873 mascula
799 1837 942 1882 spicam
971 1838 1123 1872 brevem
1150 1839 1186 1872 in
1216 1838 1339 1872 medio
1367 1848 1469 1872 ramo
1496 1836 1606 1871 sistit.

209 1901 357 1936 Habitu
394 1901 487 1934 llaec
525 1899 670 1933 accedit
700 1898 747 1932 ad
776 1897 839 1932 Pl.
866 1906 1136 1938 sarmentosam,
1175 1899 1239 1933 sed
1277 1899 1494 1933 charactere
1531 1896 1658 1942 potius

112 1962 245 1996 similis
279 1965 335 1995 est
369 1959 433 1994 Pl.
460 1959 656 1999 aculeatae,
692 1968 850 2002 quarum
891 1959 991 2002 prior
1019 1959 1108 1993 folia
1134 1958 1248 1992 habet
1275 1959 1438 2000 maiora,
1480 1957 1656 1997 rotunda,

111 2023 264 2056 ulterior
297 2024 441 2054 statura
482 2019 623 2053 maiore
665 2018 757 2052 folia
792 2018 907 2052 habet
948 2020 1028 2053 basi
1069 2020 1188 2062 magis
1229 2023 1449 2062 angustata,
1487 2016 1656 2060 margine

111 2081 306 2125 superiore
333 2080 432 2124 plica
469 2079 545 2112 lata
573 2082 790 2119 recurvata,
826 2077 1026 2111 denticulis
1061 2078 1288 2119 minoribus;
1327 2076 1537 2121 perianthia
1567 2077 1652 2109 bre-

111 2141 236 2181 xiora,
269 2140 336 2174 vix
373 2139 518 2183 apicem
547 2137 718 2172 foliorum
747 2137 1037 2171 involucralium
1063 2138 1281 2182 superantia
1318 2142 1355 2172 et
1382 2137 1428 2171 ad
1457 2147 1654 2178 summam,

111 2210 339 2246 quamquam
373 2204 501 2234 nostra
535 2198 666 2243 planta
705 2197 822 2233 multo
858 2198 980 2231 minor
1013 2202 1092 2240 est,
1144 2198 1314 2233 foliorum
1351 2197 1499 2232 areolae
1537 2197 1655 2231 multo

110 2262 272 2296 maiores
300 2264 398 2295 sunt.

110 2356 148 2388 p.
175 2346 236 2378 26.
337 2345 360 2376 4
378 2342 413 2377 b.
441 2341 788 2387 Pla-qiocln‘la
809 2340 1089 2384 pellace-ida
1115 2339 1235 2383 Ldbg.
1264 2344 1300 2374 et
1327 2340 1521 2374 Gottsche.

210 2403 273 2437 Pl.
301 2402 399 2437 caule
423 2408 562 2448 repente
589 2402 777 2442 intricata,
813 2401 923 2434 ramis
953 2401 1306 2434 adscemlenti-erectis
1330 2399 1551 2440 dichotomis‚
1587 2410 1651 2432 ra-

110 2464 214 2498 mulis
239 2462 504 2509 (Ιίυθιῃεηιίὂιιε,
530 2461 640 2507 soliis
665 2461 860 2495 imbricatis
884 2461 1081 2495 semim-atis
1101 2458 1535 2506 patenti·dit-ementibus
1558 2471 1652 2492 mar-

106 2526 188 2570 ye‘ne
214 2523 346 2558 dorsale*
372 2523 479 2558 latins
503 2522 641 2568 refleaeis
666 2520 885 2555 rectiusculis
911 2521 1144 2566 i7zte9err1'mz's
1179 2519 1253 2554 basi
1283 2520 1437 2554 convexis
1462 2517 1654 2552 brevissime

110 2583 390 2626 decurrentibus,
426 2584 585 2627 maryine
609 2581 762 2616 ‘ventrali
786 2588 928 2615 arcuato
951 2581 1111 2627 apic-eque
1143 2580 1464 2614 serrato—dentatis
1496 2578 1654 2613 dentibus

110 2643 396 2691 spiuqformibus,
421 2642 554 2689 frucm
581 2642 619 2676 in
644 2642 792 2676 ramulis
816 2640 957 2687 apicali,
977 2639 1178 2687 perimzthio
1202 2633 1342 2673 o⁴bovato
1367 2637 1462 2672 alato
1485 2636 1572 2681 (ala
1597 2638 1652 2671 in-

112 2704 322 2749 teyerrima)
348 2715 406 2736 ore
431 2714 617 2748 compresso
644 2707 805 2735 truncato
831 2699 1120 2734 dentato-ciliaco.

210 2764 371 2799 Habitat
405 2762 443 2796 in
473 2761 699 2796 Columbiae
728 2760 932 2795 Provincia
960 2759 1131 2802 Merida,
1166 2758 1267 2793 unde
1294 2769 1314 2792 a
1342 2758 1387 2792 cl.
1418 2757 1554 2792 Moritz
1581 2757 1651 2791 sub

113 2833 147 2856 n.
175 2826 244 2857 150
260 2834 293 2857 a.
319 2824 415 2864 (Hb.
445 2824 541 2867 Reg.
571 2823 716 2867 Berol.)
746 2822 874 2856 adlata
900 2825 968 2856 est.

206 2883 337 2918 Affinis
365 2883 427 2919 Pl.
456 2883 685 2924 laecevirenti,
711 2882 775 2916 sed
791 2882 927 2923 colore,
954 2881 1051 2916 foliis
1074 2880 1194 2924 magis
1214 2878 1394 2914 convexis
1421 2881 1459 2911 et
1488 2875 1650 2917 reflexis,

114 2943 176 2976 rel.
205 2943 377 2985 diversa3
413 2955 434 2979 a
461 2944 524 2979 Pl.
548 2944 689 2989 yibbosa
716 2942 986 2978 ramificatione
1019 2944 1057 2977 et
1082 2940 1182 2976 foliis
1215 2939 1446 2984 longioribus
1473 2937 1648 2972 dentato·

113 3002 250 3037 ciliatis
277 3003 411 3039 differt.
