1824 3252
773 182 971 226 Scapania.
1587 188 1634 218 65

184 300 218 340 β,
245 296 477 342 undulffolia,
513 298 606 328 caule
635 297 808 339 graciliori
844 296 963 328 subtus
992 294 1210 334 radiculoso,
1246 294 1336 327 soliis
1362 295 1538 331 latioribus
1565 313 1631 333 un—

254 358 375 389 dulatis
402 357 490 387 lobis
516 357 649 399 patuliS.

208 415 367 448 Habitat
406 414 442 447 in
468 415 572 458 sylva
600 413 813 457 Heroynica
839 413 1053 457 (Hampe);
1094 411 1130 445 in
1162 411 1308 455 alpibus
1337 413 1568 450 Salisburiae
1595 423 1630 452 et

112 471 329 513 Helvetiae3
359 472 540 512 Samiae,
577 473 624 506 ad
648 472 872 516 Trondhjem
898 472 993 516 (Hb.
1009 470 1184 514 Hartm.).
1235 470 1327 506 Var.
1354 473 1391 516 β,
1418 473 1455 507 in
1483 475 1629 520 alpibus

113 531 336 574 Pyrenaeis:
364 531 401 566 in
429 537 552 567 monte
579 533 748 577 Canigon
775 531 1014 576 (Sehimper).
1286 533 1291 537 ”

428 629 462 661 ’7.
514 626 786 670 Scapania
810 626 1084 679 undulata
1118 625 1173 659 M.
1201 628 1238 658 et
1266 624 1312 658 N.

205 696 263 731 Sc.
279 697 385 742 soliis
409 696 698 731 dentato-eiliatis
722 696 944 731 denticulatis
968 695 1241 741 inteyerrimisve
1268 694 1355 729 lamis
1371 699 1518 743 patulis,
1546 701 1629 736 [obis

110 757 573 801 trapezoideo-rotundatis,
599 756 750 790 ventrali
775 767 918 789 convexo
949 755 1018 789 solo
1052 754 1106 788 vel
1138 761 1284 800 utroque
1314 756 1467 801 patulis,
1501 760 1630 796 ‹lm-sali

108 814 318 848 diametrum
360 815 623 849 transversalem
665 814 733 848 lobi
772 815 952 859 inferioris
983 821 1174 859 aequante,
1203 813 1376 859 foliorum
1413 820 1628 863 superiorum

109 872 192 907 labis
215 873 489 919 subaequalibus,
510 873 711 919 periantlzio
736 874 912 907 involucro
938 873 1040 918 duplo
1067 873 1230 918 lovzyiore.

298 933 506 976 Plagiocliila
539 933 700 964 undulata
736 933 793 966 M.
830 939 863 965 et
890 932 938 965 N.
974 933 1012 965 in
1048 932 1096 965 N.
1123 932 1164 965 ab
1192 932 1240 966 E.
1289 933 1382 978 Hep.
1424 935 1516 971 Ειιν.
1553 939 1625 973 ΙΙΙ,

379 991 417 1025 p.
432 982 515 1013 520.
542 991 576 1013 n.
591 983 625 1013 9.
661 979 728 1014 IV.
750 992 788 1025 p.
808 979 1008 1013 XXXVI.
1061 979 1254 1023 Illonmyne
1279 980 1315 1012 in
1351 982 1451 1016 Wehb
1477 991 1509 1017 et
1532 986 1625 1019 Ber-

383 1026 486 1060 thelot
514 1026 614 1060 Hisc.
641 1032 716 1061 nat.
743 1028 800 1061 des
826 1026 887 1060 iles
915 1026 1002 1061 Can.
1031 1025 1092 1060 Pl.
1121 1026 1196 1060 cell.
1218 1038 1257 1071 p.
1282 1030 1340 1062 47.

297 1087 566 1129 Jungermannia
594 1087 754 1118 undulata
782 1085 829 1118 N.
856 1085 897 1118 ab
926 1085 972 1120 Ε.
1001 1085 1094 1130 Hep.
1124 1084 1217 1119 Eur.
1246 1085 1276 1120 I.
1297 1089 1445 1132 122184.

132 1143 182 1184 A,
206 1144 295 1175 soliis
324 1146 442 1177 ciliatis
473 1145 741 1185 denticulatisve‚
768 1146 862 1177 caule
890 1146 1073 1177 teneriore.
1102 1144 1231 1187 (Planta
1258 1146 1423 1186 iuvenilis,
1449 1153 1624 1195 vegetior.)

298 1203 347 1237 N.
372 1203 414 1237 ab
441 1203 489 1237 E.
516 1204 610 1249 Hep.
638 1203 731 1237 Eur.
758 1203 787 1236 I.
812 1215 848 1249 p.
879 1206 958 1237 184.
986 1202 1038 1236 II.
1059 1214 1098 1247 p.
1125 1205 1207 1236 428.

295 1263 561 1305 Jungermannia
599 1265 790 1305 resupinata
840 1261 1010 1296 Limlenb.
1052 1261 1146 1306 Hep.
1189 1261 1280 1295 Eur.
1314 1274 1353 1307 p.
1393 1266 1452 1298 53.
1492 1277 1527 1299 η.
1568 1270 1625 1301 49.

383 1309 478 1343 Dill.
516 1317 540 1344 t.
566 1312 624 1344 79.
649 1310 688 1355 f.
719 1312 774 1343 19.
803 1309 841 1343 C.
863 1309 911 1344 D.
931 1309 977 1343 E.
1029 1308 1134 1342 Cleob.
1168 1315 1202 1341 et
1236 1309 1338 1355 Bory
1370 1311 1410 1344 de
1443 1312 1498 1347 St.
1531 1314 1625 1348 Vino.

381 1356 444 1390 Fl.
474 1357 640 1402 Pelopon.
661 1369 701 1402 1²·
727 1360 786 1391 69.
813 1369 846 1390 η.
878 1360 981 1391 1660.

295 1416 423 1448 Radula
450 1417 586 1449 dentata
613 1416 723 1450 Dum.
751 1416 841 1463 Syll.
861 1429 900 1463 p.
927 1420 986 1451 40.
1013 1428 1048 1450 n.
1075 1419 1134 1450 23.

184 1484 219 1515 α,
245 1474 376 1516 maior,
421 1477 514 1507 caule
549 1477 649 1519 paulo
686 1476 850 1519 rigidiore
890 1483 968 1508 1-2
1004 1478 1146 1520 pollices
1188 1477 1291 1519 longo
1326 1476 1464 1511 densius
1497 1481 1625 1523 foliato,

247 1535 337 1566 soliis
365 1535 518 1578 undique
546 1535 730 1568 confertim
757 1536 1133 1576 denticulato-cuiatis,
1165 1536 1255 1567 lobis
1281 1536 1490 1579 rotundatis,
1522 1552 1626 1584 supe—

249 1594 330 1625 riori
355 1595 484 1637 patulo.

382 1651 429 1685 N.
457 1651 499 1685 ab
525 1652 573 1686 E.
614 1652 708 1697 Hep.
736 1652 828 1686 Eur.
864 1652 894 1685 Ι.
922 1664 961 1697 p.
991 1654 1070 1685 184.
1106 1652 1158 1684 II.
1188 1663 1227 1696 p.
1253 1654 1335 1686 428.
1381 1653 1455 1689 III.
1475 1667 1515 1700 p.
1543 1660 1625 1690 520.

439 1697 540 1741 (Hb.
567 1699 754 1743 Illontayn.
781 1711 816 1733 η.
848 1701 955 1744 144.)
1005 1699 1184 1732 Eaesiccat.
1200 1699 1340 1744 Hampe
1351 1700 1576 1746 Hepatmh.

379 1758 647 1799 Juugermanuia
673 1760 865 1802 resupinata
894 1757 1002 1802 Enyl.
1030 1756 1116 1790 Bot.
1144 1764 1169 1791 t.
1195 1760 1277 1792 243.

186 1827 218 1865 β,
246 1824 345 1868 laxa,
374 1828 467 1858 caule
493 1828 621 1859 laxiore
648 1828 862 1869 frequentius
889 1827 1065 1861 subdiviso
1091 1830 1222 1860 inferne
1249 1829 1364 1863 dissite
1385 1833 1624 1878 mimophyllo,

249 1887 339 1917 soliis
366 1886 548 1918 confertim
575 1885 940 1926 denticulato-cuiatis,
964 1887 1052 1919 lobis
1079 1889 1184 1920 ovatis
1210 1889 1382 1932 plerisque
1409 1893 1624 1925 acutiusculis

245 1945 378 1987 patulis,
405 1945 557 1976 inferiori
583 1946 691 1987 magis
717 1956 883 1977 convexo.

382 2003 430 2036 N.
456 2002 498 2038 ab
525 2003 572 2037 E.
601 2003 694 2049 Hep.
724 2002 816 2038 Eur.
845 2003 875 2037 Ι.
896 2015 936 2049 p.
967 2006 1044 2038 184.
1072 2004 1124 2037 ΙΙ.
1146 2016 1185 2049 p.
1211 2007 1294 2040 428.

377 2064 864 2143 ,1ιιηῗῖεἱιιιευηίειὸνεειιρίηεηε
892 2063 1016 2108 Mouy.
1043 2069 1075 2097 et
1102 2062 1214 2097 Nestl.
1246 2065 1348 2111 stirp.
1382 2072 1492 2111 crypt.
1524 2067 1623 2113 γορ.-

504 2121 555 2144 en.
588 2121 623 2143 n.
674 2113 732 2144 31.

378 2169 507 2201 Radula
535 2169 669 2202 dentata
697 2171 730 2209 β,
756 2170 904 2201 laxisolia
932 2169 1042 2203 Dum.

185 2239 219 2266 Ύ,
246 2226 438 2272 ΐονιξΐοῖἱα,
494 2230 589 2260 caule
636 2230 708 2260 laxe
759 2229 972 2271 frequentius
1019 2228 1195 2261 subdiviso
1233 2231 1456 2273 flexuosoque
1492 2231 1624 2264 inferne

248 2287 364 2318 dissite
400 2287 650 2332 microphyllo,
684 2288 774 2319 soliis
808 2296 940 2319 remote
975 2287 1188 2319 denticulatis
1221 2290 1329 2330 magis
1364 2291 1502 2331 erectis,
1536 2290 1624 2322 lobis

247 2346 353 2377 ovaiis
380 2347 599 2377 acutiusculis
628 2347 680 2378 vel
708 2347 970 2387 mucronulatis‚
1003 2347 1173 2389 superiori
1208 2347 1364 2379 undatim
1390 2359 1554 2388 recurvo,
1591 2350 1624 2380 in

247 2404 390 2434 summis
417 2403 564 2435 subinde
591 2404 825 2436 incumbente.

382 2461 429 2495 N.
457 2461 498 2494 ab
526 2461 572 2494 E.
601 2462 694 2507 Hep.
719 2462 809 2495 Eur.
838 2461 860 2495 I.
888 2474 917 2495 e.

193 2525 220 2558 δ,
247 2526 414 2563 aequata,
454 2521 548 2551 caule
577 2529 612 2552 ut
638 2522 670 2552 in
697 2520 719 2558 β
748 2530 780 2554 et
804 2532 846 2563 γ,
884 2522 974 2553 soliis
1008 2522 1166 2565 lobisqne
1192 2524 1331 2566 patulis,
1358 2523 1408 2555 his
1433 2525 1624 2566 subaequa-

246 2578 335 2609 libus
364 2578 564 2616 rotundatis,
592 2579 745 2610 inferiori
775 2589 966 2612 extrorsum
995 2580 1216 2613 denticulato,

382 2636 429 2668 N.
456 2635 498 2668 ab
526 2635 573 2669 E.
601 2636 695 2681 Hep.
725 2637 818 2671 Eur.
846 2637 868 2670 l.
896 2650 924 2673 c.
977 2638 1153 2673 Exsiccat.
1183 2640 1306 2683 Mouq.
1323 2647 1353 2673 et
1368 2641 1477 2674 Nestl.
1504 2648 1546 2673 st.
1573 2653 1622 2673 cr.

443 2682 671 2726 V09.-Rl1en.
699 2683 751 2717 X.
777 2696 812 2718 n.
840 2687 922 2719 936.
975 2685 1144 2720 Hiibener
1169 2693 1203 2720 et
1233 2687 1361 2721 Gentlz.
1390 2688 1483 2733 Hep.
1506 2687 1623 2721 Germ.

439 2730 469 2763 Ι.
498 2741 531 2763 η.
562 2732 617 2764 18.
670 2730 835 2765 Gottsclze
861 2732 913 2766 Ic.
943 2732 1036 2778 Hep.
1063 2734 1184 2768 inedit.

298 2787 361 2820 Ad
377 2798 397 2820 n
411 2791 468 2821 ot.
497 2789 594 2822 Sunt
614 2787 752 2825 formae
770 2791 867 2825 inter
886 2802 909 2831 γ
931 2796 967 2826 et
989 2792 1006 2824 δ
1026 2792 1281 2835 intermediae,
1303 2793 1400 2828 soliis
1419 2791 1620 2835 superiori-

204 2843 270 2876 bus
298 2844 383 2879 latis
410 2845 703 2890 subaequilobis‚
733 2849 816 2884 lobo
835 2850 1015 2894 superiori
1036 2851 1285 2893 incumbente,
1312 2855 1468 2894 utroque
1494 2855 1624 2884 rotun-

202 2900 290 2935 dato
316 2904 510 2939 confertim
537 2904 789 2949 denticula1‹›;
823 2909 912 2953 legit
938 2910 984 2944 ad
1013 2921 1123 2954 rupes
1150 2910 1383 2953 vogesorum
1411 2908 1601 2952 Mougeot.

1175 2993 1192 3018 5
