1824 3252
684 202 994 247 Jungermannia.
1551 208 1594 238 2373

355 319 621 361 Jungermannia
659 319 811 350 anomala
847 316 962 350 Hook.
990 315 1090 349 Brit.
1115 314 1224 359 Juny.
1261 321 1285 348 t.
1312 317 1372 352 34.
1424 316 1595 351 Limlenb.

414 376 506 421 Hep.
536 375 629 410 Eur.
649 388 689 422 p.
714 378 777 410 24.
801 388 837 411 n.
868 378 921 409 14.
973 375 1021 408 N.
1037 373 1078 407 ab
1095 374 1143 409 E.
1172 374 1264 419 Hep.
1293 373 1385 407 Eur.
1414 374 1443 407 1.
1464 386 1500 419 p.
1513 378 1596 408 303.

415 435 528 469 Sillen
561 435 679 470 Musa.
713 435 816 470 Suec.
842 446 910 469 exs.
938 433 1029 475 VII,
1056 433 1170 468 VIII.
1204 445 1237 467 n.
1269 435 1345 467 188.
1399 432 1538 467 Hiibenn
1565 438 1596 466 et

417 493 545 528 Gentlt.
574 494 625 528 II.
653 505 689 528 n.
716 497 778 530 34.

150 562 218 597 γι,
246 552 347 594 laxa,
375 553 463 584 foliis
491 553 704 594 distantibus,
730 555 902 597 plerisque
930 553 1261 586 ovato—lanceolatis.

150 621 218 655 72,
243 612 416 658 capitata,
446 613 584 643 ramulis
610 614 721 656 parvis
750 613 910 644 brevibus
938 623 979 643 ex
1005 613 1100 653 apice
1126 613 1305 655 prolisera.

357 670 405 704 N.
433 669 474 702 ab
506 669 548 702 Ε.
576 668 598 702 l.
625 682 653 704 c.

177 728 336 763 Habitat
377 728 414 761 in
443 728 560 772 pratis
596 727 786 771 paludosis
813 727 992 762 muscosis
1026 733 1062 761 et
1088 729 1124 761 in
1153 728 1401 772 Sphagnetis,
1436 731 1471 764 in
1510 733 1593 766 uni-

81 798 226 822 versum
275 787 313 822 in
359 787 509 821 turfosis
554 786 736 828 Sueciae,
786 786 1031 829 Germaniae,
1086 787 1322 830 Britanniae,
1379 789 1596 826 Hiberniae.

80 846 293 891 Specimina
328 845 516 880 fructifera
557 844 694 878 adsunt
730 855 777 878 ex
817 845 1012 879 Americae
1058 847 1218 881 borealis
1258 848 1331 882 oris
1375 848 1594 884 occidentali

82 905 254 946 (Hooker
277 905 314 938 in
343 904 417 938 Hb.
445 904 486 938 L.
514 915 549 937 n.
577 904 636 946 89)
674 907 710 936 et
742 903 912 937 orientali
949 904 988 947 (e
1016 905 1315 939 Newfoundland
1352 907 1413 940 Du
1444 906 1595 943 Preaux

82 965 119 997 in
149 964 223 998 Hb.
252 964 363 1007 Mg.).
414 963 472 996 Ex
500 962 631 996 Insula
660 961 806 996 Owaihi
834 962 987 997 Hooker
1013 963 1050 996 in
1080 964 1155 999 Hb.
1183 965 1223 998 L.
1250 977 1284 999 n.
1309 969 1360 1000 62
1385 968 1474 1010 (var.
1504 970 1554 1013 β).

340 1047 394 1079 17.
443 1045 880 1090 Junyermwnnia
913 1045 1196 1080 Schrader-i
1229 1047 1340 1080 Mart.

172 1103 211 1136 J.
238 1102 499 1149 ampliiyastriis
532 1103 600 1137 late
632 1102 803 1137 subulatis
828 1104 865 1137 in
891 1103 986 1137 caule
1010 1104 1190 1138 vetustiora·
1214 1104 1387 1146 obsoletis,
1414 1107 1509 1140 caule
1534 1120 1590 1142 re-

75 1169 178 1208 pente
213 1162 389 1208 fleaeuoso,
424 1162 533 1207 foliis
578 1162 965 1209 orbiculato—ellipticis
1004 1163 1151 1207 intem-is
1186 1164 1465 1200 adscendentibus
1501 1173 1595 1201 arcte

79 1221 286 1263 reticulatis,
312 1221 578 1256 involucralibus
601 1222 826 1266 emaryinacis
851 1222 975 1256 Iobatis
990 1223 1185 1267 inteyrisve,
1204 1224 1405 1268 perimttltio
1418 1227 1595 1261 terminali

79 1281 301 1314 adscendente
326 1281 428 1314 tereti
453 1293 510 1314 ore
532 1280 675 1326 plicato,

270 1340 318 1373 N.
351 1339 393 1373 ah
429 1340 475 1373 E.
516 1340 610 1385 Hel).
646 1339 740 1373 Eur.
774 1339 804 1373 1.
840 1352 876 1385 p.
910 1342 992 1374 306.
1044 1340 1095 1374 ΙΙ.
1128 1352 1169 1386 p.
1204 1343 1287 1376 455.
1339 1342 1412 1376 ΠΙ.
1447 1355 1484 1388 p.
1510 1348 1592 1378 531.

356 1399 424 1433 IV.
449 1412 485 1445 p.
513 1399 716 1434 XXXIX.

163 1469 197 1499 α,
224 1459 425 1500 eommunis,
460 1460 547 1491 soliis
573 1459 838 1493 involucralibus
865 1461 958 1502 apice
985 1459 1174 1491 subretusis
1199 1461 1318 1503 planis,
1343 1462 1593 1504 ampliigastriis

222 1519 345 1551 iisdem
372 1518 536 1550 subulatis
562 1518 698 1561 integris
725 1519 778 1550 vel
804 1518 877 1550 basi
902 1518 1125 1549 subdentatis.

358 1576 406 1609 N.
431 1575 473 1609 ab
500 1575 547 1610 E.
576 1574 598 1609 l.
625 1587 653 1608 c.
712 1575 876 1610 Gottsclte
902 1575 955 1609 Ic.
982 1576 1075 1621 Hep.
1102 1577 1193 1610 inest.

354 1636 620 1677 Jungermannia
637 1634 822 1667 Schraderi
847 1635 965 1668 Mart.
992 1634 1054 1668 Fl.
1070 1635 1152 1671 Erl.
1170 1648 1217 1669 cr.
1238 1648 1278 1681 p.
1296 1639 1376 1671 180.
1404 1643 1428 1671 t.
1441 1638 1519 1682 6.f.
1533 1641 1591 1673 55.

409 1691 521 1735 (excl.
549 1692 679 1737 Synon.
705 1694 734 1725 J.
758 1695 964 1726 lanceolatae
991 1693 1165 1740 Scltracl.)
1202 1694 1374 1731 Lindenb.
1392 1697 1485 1743 Hep.
1500 1698 1591 1731 Eur.

403 1763 442 1797 p.
468 1754 527 1786 25.
554 1763 589 1786 n.
620 1754 675 1786 15.
727 1751 785 1785 De
812 1752 957 1786 Notaris
983 1752 1102 1787 Prim.
1131 1753 1224 1799 Hep.
1251 1753 1327 1788 ital.
1347 1766 1387 1800 p.
1401 1759 1458 1789 33.
1485 1760 1591 1791 n.42.

221 1822 290 1853 αα,
320 1810 475 1855 immin,
519 1811 609 1843 foliis
653 1812 918 1843 iuvolucralibus
952 1820 986 1844 et
1016 1813 1281 1855 perigonialibus
1308 1815 1466 1856 integris,
1500 1819 1593 1848 caule

297 1870 511 1913 longiusculo
550 1870 663 1901 minus
696 1871 900 1912 geniculato,
934 1871 1124 1914 perianthio
1152 1871 1593 1916 oblongo-subcylindrico.

299 1929 486 1960 Lutescens
514 1936 569 1960 aut
596 1929 880 1960 ruso-brunnea.

357 1985 534 2020 Eaesiccat.
561 1985 702 2031 Hampe
727 1986 859 2032 Hepat.
886 1998 921 2020 n.
947 1988 1005 2021 57.
1045 1985 1188 2021 Hiiben.
1203 1993 1236 2021 et
1252 1987 1379 2023 ΟεηῐΙι.
1408 1988 1460 2022 II.
1488 2002 1521 2023 η.
1536 1993 1593 2024 36.

413 2044 537 2089 Mouy.
563 2049 597 2078 et
624 2043 736 2079 Nestl.
762 2045 818 2080 St.
844 2058 893 2082 cr.
920 2045 989 2081 VI.
1014 2057 1050 2079 n.
1076 2048 1159 2080 528.
1185 2046 1261 2091 (sub
1286 2059 1375 2083 nom.
1403 2050 1432 2080 J.
1458 2058 1595 2081 autum-

412 2105 495 2135 nalis
523 2102 580 2136 De
593 2102 647 2147 C.)

225 2177 245 2195 ω
262 2163 298 2204 β,
325 2162 560 2206 emaryinata,
583 2163 673 2194 soliis
700 2163 966 2197 involucralibus
992 2165 1213 2197 interioribus
1241 2167 1469 2207 emarginatis.

265 2221 365 2262 αβ*,
388 2221 597 2266 ῃθηὶοαῖαΐα,
624 2224 719 2255 caule
735 2223 953 2265 geniculatim
974 2225 1061 2255 flexo
1076 2225 1262 2256 interstitiis
1283 2226 1378 2266 apice
1397 2226 1595 2264 incrassatis,

298 2281 390 2313 foliis
435 2281 673 2324 magnitudine
720 2282 955 2314 crescentibus
1006 2292 1096 2314 arcte
1146 2283 1351 2325 imbricatis,
1401 2285 1593 2327 petianthio

303 2339 456 2371 breviori
483 2341 571 2371 ovali
595 2338 780 2383 (iuvenili).
828 2341 1026 2373 Lutescens.

358 2397 407 2433 Ν.
434 2395 475 2430 ab
502 2396 551 2432 E.
579 2397 631 2431 II.
652 2409 691 2443 p.
717 2400 801 2433 455.

159 2461 193 2500 β,
219 2455 450 2501 ῑιηάαἷξΐοῖἱα,
487 2457 577 2489 foliis
617 2457 883 2490 involucralibus
922 2458 1045 2490 lobatis
1081 2459 1305 2502 nudatisque,
1347 2460 1595 2503 amphigastriis

224 2517 347 2548 iisdem
377 2527 417 2547 ex
443 2524 540 2548 ovato
568 2516 788 2548 snbrotundis
812 2517 1002 2558 bi-trifidis,
1029 2519 1118 2549 toliis
1136 2518 1371 2560 superioribus
1386 2518 1596 2550 subundatis.

275 2576 315 2616 07*
358 2575 463 2606 Foliis
506 2576 773 2618 perigouialibus
818 2577 906 2608 cauli
940 2579 1196 2609 circumvolutis
1232 2577 1404 2617 obovatis‚
1448 2576 1594 2608 anthei-is

357 2634 562 2666 axillaiibus.

406 2691 453 2725 N.
479 2691 520 2724 ab
547 2692 594 2726 E.
623 2691 644 2725 l.
672 2704 699 2726 c.
752 2692 916 2727 Gottsclte
940 2694 994 2730 Ic.
1023 2694 1116 2740 Hcp.
1144 2695 1233 2729 ined-

163 2759 198 2790 Ὺ,
223 2749 416 2795 clavfiora,
443 2753 534 2783 foliis
561 2753 825 2786 involucralibus
840 2756 1031 2798 pei-iantbio
1054 2757 1162 2787 multo
1181 2755 1393 2786 brevioribus
1421 2751 1595 2784 bi—trifidts

228 2809 386 2851 foliisque
413 2812 724 2853 patenti-recurvis»,
751 2814 1000 2856 amphigasniis
1027 2815 1290 2845 involucralibns
1321 2812 1430 2854 parvis
1460 2823 1474 2841 a
1504 2810 1598 2851 peri·-

228 2866 341 2897 anthio
369 2869 508 2900 remotis
536 2869 668 2909 trifidis,
691 2872 880 2913 periauthio
909 2874 1037 2905 clavato
1064 2874 1180 2914 longo.

361 2925 406 2957 N.
434 2925 474 2958 ab
501 2926 548 2960 Ε.
575 2926 597 2960 l.
625 2939 652 2960 c.
