1824 3252
187 212 261 245 274
834 202 1072 237 Madotheca.

465 322 524 354 22.
577 317 899 352 Madotheca
924 316 1170 353 abilensis
1194 316 1235 351 L.
1256 320 1294 352 et
1316 318 1436 363 Ldbg.

284 381 341 415 M.
368 379 463 413 caule
480 378 724 424 procumbente
747 389 830 421 vaqe
849 378 1095 422 pimzatimque
1119 389 1265 419 ramoso,
1280 377 1386 424 foliis
1412 379 1717 416 imbricatis-semi-

186 439 460 477 cordato-ovans
491 437 620 472 obtusis
660 449 736 471 eum
768 436 905 482 apiculo
929 449 1041 483 parvo
1074 435 1147 470 basi
1178 437 1327 472 sinuatis
1360 437 1549 486 Iobulz’sqne
1580 440 1714 476 lanceo-

187 502 267 536 latis
318 497 622 536 subcanalieulatis
668 497 920 541 irateqerrirnz's,
964 497 1226 543 amphiyastriis
1265 501 1579 544 ovato-quadratis
1620 503 1719 548 apice

186 557 578 605 emavyinato-refleaeis
613 556 867 597 subc-urinam,
894 556 1026 602 fractu
1061 556 1190 598 sessili,
1220 558 1420 603 perlambit)
1456 559 1713 605 oblonyo-sub-

185 619 371 654 rceutria-0550
397 630 454 652 ore
481 616 659 657 bilaln'ato,
685 623 836 650 ventrem
861 628 978 650 versus
1004 628 1143 650 recurvo
1175 616 1476 662 subinteyerrimo.

376 677 579 710 Madothecn
609 677 769 708 chilensis
798 675 959 710 Gottsclze
986 677 1084 712 Ieon.
1113 677 1246 723 Hepat.
1271 679 1393 712 inedit.

377 738 647 778 Juugermauuia
676 736 836 767 chilensis
864 736 981 771 Lelem.
1009 750 1082 771 nov.
1110 743 1139 770 ec
1168 739 1281 772 minus
1307 750 1400 782 coqu.
1418 740 1520 784 stirp.
1536 739 1714 785 Pu9.VI.

466 785 566 818 1834.
591 795 629 828 p.
656 785 715 817 36.
742 795 776 818 n.
808 787 861 818 12.
916 785 1084 832 Poeppiy.
1113 784 1252 819 Colleet.
1276 785 1325 831 pl.
1355 785 1446 820 Clail.
1490 787 1541 821 ΙΙ.
1569 800 1603 821 n.
1634 791 1714 823 148.

468 831 644 864 Dim-ium.
671 833 753 865 614.

280 891 441 925 Habitat
469 890 514 924 ad
543 891 715 924 arborum
744 895 895 926 truncos
923 896 960 926 et
986 894 1031 927 ad
1061 903 1172 936 rupes
1201 892 1236 926 in
1263 892 1376 936 sylvis
1403 894 1450 928 ad
1476 893 1718 929 Talcahuano

184 956 220 986 et
250 951 418 992 Quillota
456 951 494 984 in
534 950 652 984 Chile.
715 940 905 996 (Piipifig,
936 953 1112 993 Bertero,
1149 952 1224 985 Hb.
1254 952 1429 998 Kunzei).
1483 954 1526 987 In
1554 953 1717 989 Peruvia

181 1011 299 1056 (Ruiz
326 1015 362 1045 et
393 1011 523 1045 Pavon
549 1010 586 1044 in
616 1010 692 1045 Hb.
721 1011 841 1045 Mont.
870 1023 905 1045 n.
939 1012 1033 1055 103).

280 1071 410 1106 Cauiis
437 1070 675 1114 tripollicaris
703 1075 739 1105 et
767 1071 874 1111 ultra,
903 1070 1164 1115 procumbens,
1191 1070 1371 1115 pinnatus
1399 1073 1456 1106 vel
1484 1072 1714 1116 bipinnatus,

182 1131 326 1166 inferne
353 1131 495 1171 tenuis,
537 1131 658 1164 nudus
694 1130 939 1175 foliorumque
967 1135 1003 1164 et
1030 1131 1257 1164 ramulorum
1284 1131 1453 1174 vestigiis
1480 1142 1610 1175 asper,
1637 1136 1714 1166 tum

181 1193 295 1226 ramis
322 1191 505 1235 elongatis
532 1190 794 1235 inaequalibus
816 1191 1051 1234 patentibus,
1088 1190 1143 1224 vel
1171 1190 1403 1234 simplicibus
1432 1192 1488 1226 vel
1516 1192 1649 1226 iterum
1676 1193 1714 1226 in

182 1251 345 1286 ramulos
371 1251 556 1295 pinnatim
585 1250 715 1284 divisis
743 1250 959 1285 instructus.
1013 1250 1117 1284 Folia
1145 1257 1246 1284 arcte
1279 1251 1497 1293 imbricata,
1532 1252 1711 1287 semiver-

180 1311 307 1346 ticalia
335 1317 372 1346 et
399 1310 740 1352 sublim-izontalia,
780 1311 949 1345 siccitate
984 1310 1217 1355 aliquantum
1246 1312 1464 1353 convoluta,
1493 1311 1709 1346 dimidiato-

181 1370 359 1413 cordata,
388 1371 543 1412 obtusa,
573 1371 833 1414 integerrima,
873 1371 1042 1415 margine
1070 1371 1229 1405 ventrali
1255 1371 1411 1413 inflexa,
1444 1373 1525 1406 basi
1552 1372 1713 1414 sinuata,

182 1430 418 1475 complicata.
471 1431 636 1465 Lobulus
666 1436 859 1475 angustus,
898 1432 1148 1474 lanceolatus,
1191 1431 1550 1466 subcanaliculatus.
1603 1432 1713 1466 Color

180 1489 415 1525 fuscescens:
453 1494 604 1524 textura
631 1491 767 1532 densa,
804 1492 951 1526 areolae
978 1492 1163 1532 minutae,
1199 1492 1396 1526 rotundae.
1447 1493 1715 1538 szplziyastria

181 1549 378 1592 dilutiora‚
423 1550 640 1591 imbricata,
677 1551 1038 1596 ovato-quadrata,
1078 1551 1159 1585 basi
1197 1552 1376 1596 adpressa
1413 1562 1435 1585 a
1469 1552 1591 1586 medio
1625 1551 1712 1586 inde

180 1610 342 1651 reflexa,
378 1611 573 1654 superiora
612 1611 809 1655 subplana.
874 1612 1029 1645 Fructus
1067 1611 1105 1644 in
1139 1611 1250 1645 ramis
1287 1611 1514 1655 ramulisque
1548 1611 1711 1647 sessiles.

180 1670 287 1705 Folia
313 1670 541 1705 incolum-alia
569 1672 820 1715 perianthium
852 1671 931 1705 basi
960 1671 1245 1715 amplectentia,
1285 1681 1368 1704 cum
1395 1670 1520 1705 lobulo
1554 1670 1713 1705 caulinis

179 1729 327 1764 similia.
396 1731 699 1777 ⁴4mphiyasrrium
749 1730 958 1765 [molum-ale
1000 1731 1175 1764 obtusum
1225 1731 1390 1775 planum.
1467 1731 1715 1765 Periantln‘mn

179 1792 450 1833 ventricosum,
490 1791 597 1825 initio
626 1792 864 1835 angulatum,
901 1791 1049 1825 demum
1086 1790 1437 1834 subcompressum,
1475 1790 1581 1834 apice
1615 1790 1711 1824 bila-

180 1850 335 1884 biatum.
390 1851 677 1894 (Lindenberg.)

278 1910 388 1943 Obs.
439 1909 569 1943 Affinis
614 1910 670 1942 M.
704 1908 962 1955 platyphylloe,
1001 1909 1067 1942 sed
1117 1909 1240 1943 differt
1281 1909 1379 1943 sollis
1425 1909 1590 1942 incurvis
1632 1909 1713 1944 basi

179 1969 360 2009 sinuatis,
387 1969 524 2002 lobulis
547 1969 900 2013 ampliigastriisque
928 1968 1232 2011 angustioribus,
1266 1968 1338 2001 illis
1366 1968 1713 2010 subcanaliculatis,

179 2028 237 2062 his
270 2028 377 2072 apice
405 2028 568 2063 reflexis.
621 2028 810 2062 Foliorum
838 2032 875 2061 et
902 2027 1250 2071 amphigastriorum
1280 2027 1395 2061 forma
1421 2028 1539 2071 magis
1568 2028 1714 2064 accedit

180 2099 202 2121 a
227 2088 284 2121 M.
311 2087 537 2133 laet-syntam,
572 2088 636 2121 sed
673 2088 761 2122 folia
788 2098 927 2131 opaca,
966 2087 1080 2121 lobuli
1109 2092 1145 2121 et
1173 2087 1441 2131 aniphigastria
1466 2088 1706 2131 integerrima

179 2152 278 2182 sunt.
323 2148 379 2181 M.
400 2149 551 2193 crispata
568 2148 693 2181 Hook.
723 2147 819 2181 foliis
844 2148 1010 2190 margine
1036 2147 1208 2182 inferiore
1226 2148 1359 2192 crispis
1380 2152 1417 2182 et
1434 2147 1711 2191 amphigastriis

179 2206 364 2247 cordatis,
402 2207 459 2240 M.
493 2208 621 2253 restem
659 2208 699 2242 L.
736 2211 773 2241 et
805 2207 871 2250 Lg.
913 2207 1009 2241 foliis
1045 2207 1277 2251 longioribus
1316 2219 1391 2242 non
1432 2207 1639 2243 convolutis
1676 2211 1713 2242 et

179 2266 389 2310 periantbio
416 2267 564 2302 diverso
591 2267 869 2310 distinguenda.

441 2366 498 2397 23.
550 2364 874 2398 Madotheca
898 2363 1176 2398 recondita
1203 2363 1244 2397 L.
1272 2368 1309 2398 et
1334 2363 1454 2408 Ldbg.

274 2426 332 2462 M.
358 2427 454 2461 caule
480 2435 637 2474 repente,
674 2429 781 2463 ramis
806 2430 927 2462 erectis
953 2440 1034 2473 vaye
1060 2429 1191 2470 divisis,
1215 2427 1322 2474 foliis
1347 2428 1541 2462 imbricatis
1563 2427 1713 2472 oblongais

177 2484 275 2529 apice
308 2486 444 2532 iwfiexae‘s
476 2501 553 2522 eum
587 2488 708 2522 lobulz‘s
742 2488 898 2533 lifsulatis
932 2488 1167 2532 inteyerrimis
1199 2489 1358 2533 maryine
1384 2500 1492 2533 parce
1521 2488 1710 2530 undalutis,

178 2544 440 2590 ampltiqastriis
468 2549 592 2593 parvis
625 2547 848 2582 subt-otanclis
881 2548 1115 2593 intqqerrimis
1153 2550 1246 2594 apice
1284 2548 1435 2594 reflexis,
1467 2546 1576 2592 foliis
1609 2548 1708 2580 invo-

178 2602 367 2638 lateralibus
393 2605 482 2640 binis
507 2606 643 2651 (altero
656 2608 813 2654 minore)
840 2607 960 2642 bilobis
973 2607 1046 2642 lobo
1065 2608 1196 2643 dorsalt'
1219 2614 1316 2641 ovato
1341 2605 1557 2651 maryinibus
1575 2605 1710 2640 ciliaco·

177 2663 344 2708 dentatis,
372 2667 585 2712 pericmtlziis
608 2667 779 2703 sessilibus
804 2668 988 2702 reconditis
1011 2667 1368 2713 quadr-ato-obovatis
1402 2667 1600 2713 compressis
1622 2665 1709 2700 bila-

179 2722 283 2758 ln'atis
308 2727 524 2770 maryinibus
548 2728 750 2763 lateralibus
775 2735 806 2762 ec
831 2740 890 2761 ore
914 2725 1341 2761 erenulato-denticulatis.

372 2786 580 2820 Madotheca
608 2789 785 2820 recondita
822 2786 982 2820 Gottselte
1007 2786 1105 2820 Ieon.
1133 2786 1266 2832 Hepat.
1294 2786 1413 2820 incdit.

370 2846 638 2888 Jungermanuia
667 2847 844 2879 recondita
879 2846 924 2880 L.
951 2851 984 2879 et
1010 2846 1075 2891 Ly.
1110 2846 1146 2879 in
1172 2845 1292 2880 Lelt‘m.
1320 2858 1395 2880 nov.
1421 2852 1451 2879 et
1477 2845 1591 2879 minus
1614 2855 1708 2889 coyn-

457 2905 558 2952 stirp.
586 2906 681 2952 Puy.
707 2905 778 2941 VI.
807 2908 912 2941 1834.
932 2918 972 2952 p.
997 2908 1057 2940 37.
1083 2918 1118 2941 n.
1149 2908 1207 2940 13.

276 2962 441 2999 Habitat
467 2965 514 3000 ad
541 2965 665 3002 littora
691 2964 941 3001 occidentalia
965 2965 1164 3002 Americae
1192 2965 1352 3002 borealis
1376 2965 1470 3013 (Hb.
1499 2963 1594 3009 Hk).
