1824 3252
742 180 933 225 Lejeunia.
1535 184 1607 216 761

83 307 120 340 p.
146 298 230 330 364.
434 296 501 329 129
517 294 554 329 b.
603 294 864 340 Iaejeunia
887 302 1078 338 repens
1103 294 1251 339 Taylor.

182 356 227 389 L.
263 353 357 389 caule
397 353 540 400 implexo
566 352 809 400 procumbente
849 353 1055 400 subpinnato
1085 354 1262 400 fleccuoso,
1301 353 1410 388 ramis
1444 351 1609 393 brevibus,

72 413 178 459 foliis
202 412 394 448 imbricatis
416 414 550 459 patenti
558 414 737 447 -recurvz's
761 412 910 457 oblonyis
934 412 1159 449 obtusissimis
1179 413 1335 457 maryine
1358 411 1609 452 subundulatis‚

84 472 207 508 Iobulis
229 473 375 507 minutis
401 471 675 517 ω’ἱαημαίανίόιιε
699 472 974 507 ετιῦαηὶᾱθηταιίε
998 472 1173 513 involutis,
1208 471 1465 517 amphiyastriis
1488 477 1609 504 rotun-

84 532 177 565 datis
199 533 351 565 conveoez's
375 533 473 577 apice
483 531 605 574 fissis,
637 532 839 577 periautltio
866 531 1004 565 laterali
1027 530 1322 576 oblonyo-obovato
1354 528 1609 576 quinquealato‚

79 592 272 636 periyouiis
298 592 442 637 spic-atis
468 590 648 624 sessilibus.

278 650 441 691 Lejeunia
481 662 601 693 repens
658 647 759 695 Tayl.
807 649 895 683 Noc.
936 649 1028 694 Hep.
1076 649 1113 682 in
1153 649 1265 682 Lond.
1300 648 1429 681 Journ.
1466 647 1511 693 qf'
1541 645 1609 680 bot.

367 699 471 731 1846.
492 709 529 743 p.
557 700 641 731 397.
667 709 701 730 η.
730 700 787 730 21.
839 696 983 742 Synops.
1014 697 1103 741 Hep.
1126 708 1164 742 p.
1189 699 1272 731 364.
1307 695 1368 729 sub
1393 707 1415 729 n
1459 698 1538 730 129.

183 755 344 789 Habitat
371 756 407 790 in
436 757 643 789 Demerara
670 755 765 798 (Hb.
795 755 974 798 Grevill.).

184 814 379 858 Caespites
406 815 492 856 lati,
531 815 846 849 olivaceo—fusci.
907 814 1043 848 Caules
1074 817 1097 847 2
1125 835 1141 840 -
1171 817 1193 848 3
1220 814 1311 857 poll.
1345 813 1457 856 longi,
1496 823 1610 856 saepe

87 874 200 908 ramis
227 876 335 909 valde
361 875 550 909 brevibus.
603 874 789 908 Monoica.
844 873 1038 917 Periyonm
1065 872 1241 914 linearia,
1268 873 1448 906 lateralia.
1502 871 1606 905 Invo-

87 931 184 966 lucra
211 932 248 966 in
276 935 428 969 ramulis
456 935 643 969 brevibus

184 992 290 1027 Haec
318 994 433 1028 maior
459 1000 516 1028 est
540 1004 652 1039 quam
680 994 723 1027 L.
751 993 956 1037 lonqiflorci,
992 992 1080 1026 folia
1107 992 1225 1036 magis
1252 992 1392 1026 distant
1418 990 1610 1035 magisque

88 1056 217 1096 patent
242 1058 278 1086 et
303 1054 420 1097 magis
447 1054 630 1087 undulata
657 1057 757 1093 sunt,
786 1052 901 1086 lobuli
920 1056 1006 1085 sunt
1028 1052 1259 1090 minutiores,
1286 1050 1497 1094 perianthia
1526 1050 1610 1084 basi

89 1121 161 1145 non
189 1116 264 1145 tam
292 1117 449 1155 augusta
477 1118 565 1147 suut
589 1117 625 1147 et
653 1113 843 1156 perigenia
862 1122 933 1145 non
961 1112 996 1144 in
1025 1111 1148 1144 medio
1176 1122 1278 1144 ramo
1305 1115 1517 1150 occurrunt,
1545 1109 1611 1143 sed

89 1169 213 1213 spicas
240 1171 412 1205 laterales
441 1172 612 1206 formant.

187 1230 403 1265 Secundum
438 1232 483 1265 cl.
516 1231 716 1275 Taylorum
751 1231 842 1264 haec
879 1230 1000 1263 differt
1035 1240 1056 1262 a
1091 1228 1167 1274 qu.
1207 1228 1353 1273 eleyante
1391 1227 1501 1261 ramis
1537 1238 1612 1261 non

89 1288 337 1331 fascicuffltis,
375 1290 472 1325 foliis
499 1291 722 1331 recurvatis,
758 1289 1033 1333 amphigastriis
1062 1288 1246 1330 contiguis
1280 1287 1362 1330 (sed
1391 1287 1453 1319 vix
1479 1285 1608 1319 imbri-

89 1348 206 1394 catis)
252 1354 288 1384 et
327 1350 496 1384 foliorum
546 1350 737 1384 dimidiam
787 1348 1080 1390 magnitudinem
1132 1347 1296 1380 nondum
1342 1346 1611 1389 attingentibus

89 1417 291 1452 eorumque
317 1410 518 1452 segmentis
544 1420 615 1443 non
644 1408 776 1442 acutis.
826 1408 980 1451 (Taylor
1007 1408 1030 1442 1.
1056 1409 1107 1451 c.)

89 1498 124 1531 p.
150 1491 234 1523 365.
341 1492 401 1523 131
421 1490 457 1523 b.
509 1490 767 1536 Lejeuuia
787 1489 1152 1532 parvi-stipula
1179 1488 1295 1531 Ldbg.
1314 1492 1349 1521 et
1364 1488 1556 1522 Gottsche.

185 1548 228 1582 L.
254 1547 352 1581 caule
375 1555 509 1594 repente
534 1548 781 1592 irrequlariter
806 1560 949 1587 rumoso,
983 1548 1092 1581 ramis
1115 1548 1281 1592 elon-(satis
1295 1547 1483 1593 flexuosis,
1507 1546 1614 1592 foliis

88 1607 283 1642 imbricatis
321 1607 603 1652 ovato-oblonyis
647 1608 776 1642 obtusis
810 1607 1042 1650 inteyerrinnk
1076 1605 1194 1640 subtus
1231 1604 1615 1651 sinuato-complicatis

89 1667 201 1702 {obulo
235 1669 355 1714 iuflato
386 1668 862 1711 emaryinato-unidentam,
905 1666 1166 1711 ampliiyastriis
1194 1666 1315 1711 parvis
1345 1663 1615 1698 subdistantibus

88 1729 198 1762 ovatis
216 1728 352 1774 patulis
376 1728 510 1773 bifidis,
546 1728 683 1763 laciniis
708 1729 827 1762 erectis
851 1728 994 1772 sinuque
1019 1727 1146 1766 acutis,
1168 1726 1300 1770 fructu
1334 1723 1473 1758 laterali
1497 1723 1616 1763 sessili,

86 1787 283 1833 periantliio
307 1787 446 1822 obovato
471 1790 569 1823 dorso
593 1800 732 1822 convexo
758 1789 805 1821 ml
828 1788 957 1832 apicem
983 1785 1116 1820 uni-in
1129 1791 1245 1818 ventre
1270 1791 1367 1818 acute
1393 1783 1614 1824 bi-carinato,

88 1859 146 1881 ore
170 1854 330 1882 rostrato.

283 1906 451 1940 Liebman
477 1907 554 1940 Iter
580 1906 754 1940 Mea-ioan.
782 1907 901 1939 incdit.

191 1963 246 1998 Ad
274 1964 442 2001 Mirador
470 1972 507 2000 et
534 1966 734 2000 Huatusco
758 1966 1057 2006 Mexicanorum,
1084 1965 1179 1998 lecta
1207 1976 1226 1999 e
1253 1965 1298 1998 cl.
1330 1963 1519 1997 Liebman.

187 2022 476 2069 Amphigastriis
520 2025 645 2070 parvis
684 2025 844 2069 patulis,
895 2025 992 2059 foliis
1033 2024 1281 2068 longioribus,
1325 2022 1535 2067 perianthio
1578 2024 1616 2054 et

91 2087 241 2118 textura
276 2084 323 2118 ab
359 2084 552 2126 affinibus,
592 2084 812 2128 praesertim
849 2095 871 2117 a
907 2084 1085 2129 Laegjemziis
1118 2082 1322 2117 duriuscula
1356 2086 1392 2115 et
1420 2079 1615 2127 phyllobola

91 2141 240 2176 diversa
267 2148 335 2184 est,
364 2155 385 2178 a
412 2144 618 2188 posteriore
646 2155 794 2189 quoque
821 2144 953 2187 lobulo,
973 2144 1008 2176 in
1036 2143 1207 2178 omuibus
1233 2142 1330 2176 foliis
1357 2141 1479 2175 obvio.

92 2231 129 2266 p.
153 2224 238 2256 367.
397 2226 464 2258 138
480 2223 516 2258 b.
566 2223 828 2269 Lejemtia
853 2221 1133 2268 cordffissa
1157 2220 1305 2262 Taylor.

190 2281 235 2315 L.
262 2281 357 2316 caule
382 2282 527 2328 implero
550 2282 790 2327 procumbente
815 2293 899 2326 ναμε
924 2293 1069 2321 ramoso,
1085 2280 1190 2324 jbliis
1213 2277 1470 2313 subimbricatis
1486 2284 1613 2324 pateu—

92 2339 183 2373 tibus
214 2339 365 2385 oblonyis
401 2340 651 2375 acuminulatz's
684 2342 839 2374 convexis
876 2338 1271 2379 celluloso-crenulatis,
1313 2337 1434 2371 lobulis
1471 2338 1616 2371 minutis

90 2397 312 2434 subrotundis
336 2399 511 2442 involutis,
537 2400 796 2446 amplziyastriis
818 2398 1006 2433 maioribus
1029 2398 1383 2432 rotundato-cordatis
1405 2395 1501 2441 apice
1511 2396 1616 2440 fissis

91 2457 462 2500 celluloso-crenulatis‚
485 2459 618 2504 fructu
644 2485 653 2493 .
682 2484 690 2492 .
719 2485 728 2493 .

284 2518 448 2559 Lejeunia
482 2518 656 2550 cordifissa
691 2517 824 2564 Taylor
861 2518 946 2551 Nov.
975 2518 1066 2563 Hep.
1101 2517 1139 2550 in
1175 2516 1289 2549 Lond.
1314 2515 1442 2549 Journ.
1476 2515 1521 2560 ⁰f
1547 2513 1613 2549 bot.

375 2568 478 2600 1846.
505 2577 544 2610 p.
570 2568 653 2599 395.
679 2578 714 2599 u.
745 2568 800 2599 16.

190 2624 351 2659 Habitat
389 2624 426 2658 in
469 2623 675 2658 Demerara
711 2624 911 2669 (Parker)
951 2629 988 2658 et
1032 2624 1068 2658 in
1107 2624 1199 2658 silva
1235 2623 1336 2668 apud
1375 2622 1613 2658 Esmeraldas

96 2684 326 2729 (Jameson).

191 2743 362 2790 Caespites
387 2742 473 2784 lati,
508 2742 658 2777 sordide
692 2742 842 2777 virides.
895 2741 1017 2776 caules
1044 2745 1137 2776 1—-2
1162 2742 1314 2786 pollices
1348 2741 1458 2786 longi.
1508 2741 1615 2776 Folia

96 2803 181 2838 laxe
206 2802 416 2842 imbricata,
442 2801 549 2846 apice
576 2812 731 2836 recurva
763 2806 800 2835 et
827 2801 1093 2835 acuminulata.

190 2862 268 2909 qu.
292 2862 455 2897 sordidae
477 2861 711 2906 (javanicae)
739 2860 949 2905 persimilis,
978 2871 998 2894 a
1025 2871 1099 2905 qua
1126 2859 1223 2894 foliis
1250 2860 1368 2904 magis
1394 2858 1611 2900 imbricatim

96 2919 329 2966 marginibus
354 2921 554 2956 orenulatis
581 2926 618 2955 et
644 2919 920 2965 amphigastriis
946 2919 1148 2955 maioribus
1175 2919 1307 2954 differt.
1350 2918 1503 2963 (Taylor
1520 2919 1544 2954 l.
1563 2919 1612 2962 c.)
