1824 3252
186 184 231 214 80
789 172 1097 217 Jungermannia.

302 296 356 327 ll.
407 288 842 335 ,hingem-mannia
875 285 1184 321 incumbens
1216 284 1344 318 Lehm.
1372 289 1408 318 et
1435 284 1592 329 Lindbg.

279 374 318 408 J.
345 372 440 407 caule
465 376 602 417 repente
617 370 776 416 flexuoso
800 379 956 408 ramosa,
977 366 1084 411 soliis
1116 366 1307 400 imbricatis
1340 366 1621 401 subverticalibus
1651 380 1701 401 se-

183 433 304 467 cundis
321 432 438 467 bilobis
455 430 538 464 labis
550 427 813 473 subaequalibus
829 427 939 460 ovatis
956 426 1166 460 acuminatis
1177 425 1464 471 subcomplicatis,
1490 425 1702 460 ventralibus

182 492 336 524 convexis
359 501 493 524 sursum
517 486 793 528 conniventibus,
830 485 1023 520 dorsalibus
1057 485 1149 519 cauli
1180 484 1468 526 incumbentibus,
1492 485 1703 531 pei-ianthiis

182 549 422 584 terminalibus
448 546 713 591 litteralibusque
737 545 1003 590 ovato-trigonis
1036 557 1095 579 ore
1114 544 1257 591 plicatis
1282 544 1581 580 dentato-citimi&

369 619 636 662 Jnngermannia
664 617 866 649 incumbens
894 615 939 649 L.
954 621 985 648 et
1005 615 1074 660 Ly.
1099 617 1138 650 in
1154 616 1272 651 Leltm.
1297 616 1394 661 Puy.
1417 616 1468 662 pl.
1498 616 1564 651 VI.
1589 630 1627 663 p.
1642 621 1699 652 60.

456 689 492 711 n.
517 679 575 710 33.
627 674 790 709 Gottsclte
818 674 872 709 Ic.
901 675 996 720 Hep.
1024 675 1116 709 ined.

278 747 435 782 Habitat
476 747 512 780 in
549 746 676 780 Insula
709 745 858 779 Tristan
894 745 1091 779 d'Acunha
1126 745 1224 779 inter
1264 744 1465 778 Dicranum
1493 744 1701 789 flexuosum,

181 805 608 850 mixta'sslastiyoplzorae
620 804 828 849 fornicatae
853 804 1061 849 (Campbell
1087 804 1124 838 in
1153 805 1229 838 Hb.
1259 804 1335 838 Hk.
1363 803 1405 838 L.
1435 808 1472 837 et
1498 804 1593 848 Lg.).

277 876 402 910 Caules
426 874 878 922 pollicares-biunciales,
906 879 1091 919 repentes,
1117 875 1332 909 innovando
1358 885 1452 917 vage
1489 879 1526 909 et
1552 875 1701 919 parcius

179 936 328 977 ramosi,
356 934 466 969 ramis
492 933 815 976 subfasciculatis‚
842 935 1014 976 flexuosi,
1042 938 1199 977 teretes,
1229 933 1445 968 atro-susci.
1496 934 1602 968 Folia
1627 935 1696 969 im-

180 995 343 1033 bricata,
375 995 472 1028 ultra
505 993 699 1028 dimidium
737 992 862 1027 biloba
907 994 1042 1037 (rarius
1070 993 1158 1028 solia
1183 993 1317 1028 triloba
1345 994 1563 1036 occurrunt)
1606 994 1700 1028 lobis

179 1055 302 1089 ovatis
351 1054 459 1096 longe
510 1052 733 1087 acuminatis
783 1052 949 1096 margine
997 1052 1244 1096 integerrimis
1294 1052 1351 1086 vel
1387 1052 1608 1096 aequalibus
1642 1053 1698 1087 vel

178 1113 313 1148 dorsali
340 1112 493 1147 minore.
547 1111 747 1146 inferiores
773 1111 849 1145 lobi
876 1112 1057 1153 convexi,
1085 1122 1232 1146 sursum
1259 1111 1520 1153 conniventes,
1549 1116 1588 1145 ut
1613 1111 1700 1146 solia

177 1172 417 1207 heteromalla
445 1175 672 1214 appareant,
706 1170 871 1214 margine
889 1170 1092 1205 'anteriore
1118 1169 1266 1211 inssexi;
1300 1169 1467 1213 superior
1493 1169 1601 1203 lobus
1627 1180 1696 1213 pa-

177 1230 511 1265 tenti-reclinatus
545 1230 603 1264 vel
636 1229 691 1274 (in
728 1229 825 1264 soliis
858 1229 1113 1274 superioribus
1147 1234 1183 1263 et
1210 1230 1436 1263 ramulorum
1464 1229 1700 1274 praesertim)

177 1289 432 1334 ampliigastrii
460 1289 507 1323 ad
534 1289 652 1323 instar
677 1289 776 1323 cauli
802 1289 1036 1332 incumbens,
1067 1289 1147 1323 basi
1173 1289 1318 1323 caulem
1344 1289 1565 1332 amplexans
1592 1287 1698 1332 apice

177 1360 264 1384 vero
291 1350 387 1383 ultra
414 1359 498 1382 eum
525 1352 692 1382 exstans.
744 1349 856 1383 Color
883 1348 999 1382 dilutc
1024 1348 1172 1389 fuscus3
1208 1352 1359 1382 textura
1385 1347 1524 1391 spissa,
1552 1348 1699 1382 areolae

176 1409 362 1448 minutae,
403 1407 543 1441 ovales.
603 1407 761 1441 Fructus
798 1407 1021 1447 terminalis,
1061 1408 1117 1441 vel
1156 1407 1203 1441 ob
1237 1406 1496 1441 innovationes
1530 1406 1599 1440 sub
1636 1406 1698 1440 illo

176 1468 391 1512 prodientcs
418 1466 591 1500 lateralis.
641 1466 747 1500 Folia
772 1465 1001 1500 involucralia
1033 1465 1191 1499 caulinis
1226 1465 1381 1507 similia,
1416 1466 1481 1499 sed
1516 1465 1697 1508 longiora,

174 1528 359 1561 interdum
387 1526 533 1560 triloba.
584 1525 837 1559 Periantliium
864 1525 999 1560 lineam
1034 1525 1206 1569 longum,
1241 1529 1598 1567 ovato-tr.gonum‚
1633 1535 1696 1559 ore

175 1585 350 1629 plicatum
378 1589 415 1620 et
441 1584 594 1618 dentato
609 1605 623 1611 -
638 1584 818 1619 ciliatum.

270 1655 449 1688 Proxime
475 1655 566 1689 haec
601 1654 747 1688 accedit
781 1654 828 1687 ad
853 1654 1171 1699 Junyermanniam
1200 1654 1388 1699 piliyeram
1420 1659 1455 1688 et
1477 1653 1694 1697 praesertim

172 1712 219 1746 ad
245 1711 346 1746 illam
365 1712 533 1754 formam,
561 1724 673 1758 quam
701 1714 746 1747 cl.
790 1713 953 1748 Martius
978 1713 1016 1747 in
1040 1713 1202 1747 Brasilia
1224 1724 1339 1757 prope
1360 1713 1517 1747 Sincora
1542 1713 1694 1748 invenit.

172 1771 286 1805 Foliis
313 1771 521 1814 simillimis,
549 1771 678 1807 leviori
704 1776 793 1807 nota
819 1772 1056 1817 perichaetii‚
1084 1773 1183 1818 quod
1210 1772 1247 1806 in
1273 1773 1311 1807 J.
1334 1772 1486 1818 piliyera
1513 1776 1693 1806 serratum

171 1834 237 1872 est,
266 1830 518 1874 distinguitur.

375 1952 430 1983 12.
480 1950 915 1995 Junyermamiia
939 1949 1226 1986 imbricata
1256 1937 1365 1981 Wils.
1395 1948 1487 1983 Mss.

264 2032 303 2066 J.
329 2032 426 2067 caule
443 2030 690 2077 procumbente
714 2031 887 2066 arcuatim
901 2031 1058 2077 flexuoso
1083 2042 1231 2073 ramoso,
1244 2031 1351 2075 soliis
1375 2031 1476 2065 dense
1502 2031 1694 2066 imbricatis

169 2090 452 2125 subverticalibus
475 2103 613 2125 sursum
638 2092 793 2126 secundis
818 2089 938 2125 bilobis
963 2090 1048 2125 lobis
1073 2090 1307 2134 inte-(serrimis
1332 2089 1581 2134 inaequalibus,
1608 2103 1691 2124 ven-

170 2149 254 2184 trali
278 2149 624 2184 subrotundo-ovato
647 2155 990 2184 mucronato—acuto
1010 2149 1198 2184 ventricoso
1221 2148 1409 2182 subbisulco
1433 2155 1527 2183 arcte
1552 2150 1689 2183 incum-

169 2209 284 2249 bente,
327 2208 456 2242 dot-salt
505 2214 614 2242 erecto
660 2208 974 2244 convoluto-conico
1018 2215 1140 2251 acuto,
1192 2208 1396 2254 periantliio
1442 2209 1693 2256 subcylindrico

168 2268 299 2313 apicem
324 2279 438 2301 versus
462 2266 579 2301 obtuse
598 2266 745 2312 plicato,
770 2279 828 2300 ore
853 2267 1007 2303 ciliato..

362 2338 523 2372 Gottsclie
550 2338 604 2373 Ic.
634 2338 726 2383 Hep.
754 2338 844 2372 ined.

265 2408 425 2443 Habitat
451 2408 488 2443 in
517 2409 645 2443 Insula
674 2408 814 2452 Ceylon
843 2409 940 2453 (Hb.
957 2410 1048 2453 Hk.,
1073 2410 1223 2446 Wilson
1243 2411 1303 2455 Jg.
1322 2411 1490 2446 n.2961n
1512 2412 1586 2446 Hb.
1614 2413 1688 2456 G.).

264 2478 406 2513 Similis
439 2478 742 2525 Junyermanniae
765 2479 980 2514 incumbenti
1005 2481 1052 2516 L.
1079 2488 1111 2516 et
1138 2482 1222 2527 Ly„
1262 2482 1327 2516 sed
1354 2482 1476 2515 differt
1500 2482 1691 2518 evidenter

168 2541 310 2572 statura
337 2537 476 2572 maiore
502 2538 542 2583 (2
563 2559 577 2565 -
595 2543 641 2580 23
668 2539 754 2582 poll.
783 2539 900 2583 long.)
926 2540 1120 2583 crassiore,
1148 2542 1243 2575 lobis
1270 2541 1498 2575 ventralibus
1527 2546 1690 2577 ventrem

168 2601 346 2641 tanquam
373 2597 512 2641 duplici
539 2597 635 2632 serie
662 2597 913 2633 auricularum
940 2599 1153 2634 inssatarum
1178 2601 1389 2643 tegentibus
1404 2601 1504 2635 omni
1523 2603 1689 2646 margine

166 2656 314 2690 inflexis
345 2659 618 2701 proptereaque
664 2657 882 2692 ventricosis
918 2658 1291 2694 brevi-mucronatis
1333 2663 1370 2694 ct
1404 2670 1535 2694 versus
1567 2661 1688 2695 sinum

169 2714 234 2757 (ad
262 2715 425 2749 medium
455 2726 574 2759 usque
599 2715 728 2750 solium
756 2719 1029 2762 penetrantem)
1063 2718 1172 2763 plicis
1206 2718 1354 2753 duabus
1387 2719 1532 2753 obtusis
1563 2720 1689 2764 longi—

168 2772 405 2807 tudinalibus
430 2777 612 2819 tanquam
640 2775 794 2810 sulculis
818 2776 1025 2821 insculptis.
1076 2777 1256 2811 Involucri
1288 2777 1375 2813 solia
1407 2776 1565 2811 caulinis
1596 2788 1688 2811 con—

168 2826 312 2867 formia.
365 2833 467 2867 Color
491 2833 661 2878 (plantae
676 2833 819 2880 siccae)
852 2836 1244 2881 ferrugineo-fuscus.
1297 2838 1549 2872 Pei-iantlaium
1570 2840 1612 2880 Ιὲ
1633 2858 1647 2863 -
1664 2841 1687 2871 2

168 2888 231 2924 lin.
260 2890 420 2934 longum.
