1824 3252
752 187 957 222 Frullania.
1542 194 1615 227 447

186 304 322 338 Differt
347 313 369 337 a
394 301 590 336 Frullania
603 301 845 346 Mayellanz‘ca
870 300 992 335 colore
1018 299 1191 342 obscuro,
1221 304 1366 334 statura
1392 302 1612 346 robustiore,

91 362 188 397 soliis
214 373 288 397 non
317 361 438 396 ovatis
465 365 502 395 et
526 360 646 394 rarius
672 359 925 402 mucronatis,
960 359 1228 403 integerrimis,
1263 360 1440 396 auriculis
1466 363 1612 403 erectis,

90 417 271 456 involucri
305 419 451 454 laciniis
485 420 793 464 subaequalibus.
845 418 1041 453 Frullania
1068 417 1220 453 Iobalata
1252 430 1399 464 quoque
1425 420 1612 466 plerisque

89 481 147 515 his
174 479 271 514 notis
299 483 336 514 et
362 478 639 523 amphigastriis
667 478 1020 523 angulato—serratis
1046 478 1299 522 distinguitur.

347 576 406 608 78.
458 575 752 609 Frnillama
778 574 1073 610 obem-elata
1100 573 1141 608 L.
1169 578 1206 608 et
1231 574 1352 618 Ldbg.

185 647 253 681 Fr.
278 646 374 680 caule
396 652 530 691 repente
554 645 768 691 bipinnatim.
792 656 936 688 ramoso,
953 644 1064 691 foliis
1090 651 1183 678 arcte
1209 645 1403 679 imbricatis
1421 650 1611 678 transverse

87 707 247 740 rotundis
286 705 520 751 squarrosulis
552 707 799 750 inteyerrimis,
837 704 1008 739 auriculis
1043 707 1199 748 anqustis
1231 704 1376 738 clavatis
1393 706 1496 750 parti
1520 716 1610 737 com-

80 765 234 811 plicatae
247 764 343 809 folii
369 766 562 797 introrsum
589 766 625 797 in
651 764 801 798 [obulum
820 765 969 810 plan-um
993 764 1234 808 (lentiformem
1260 765 1457 797 eoecurmnti
1486 766 1609 805 unitis,

86 824 350 869 ampliiyastriis
383 825 524 857 remotis
555 826 664 857 ovatis
694 826 850 857 eom-exis
882 823 1002 867 bifidis
1033 822 1175 856 laciniis
1207 825 1322 856 acatis
1357 824 1608 867 inteyerrimis,

74 882 184 927 folie's
208 882 537 927 avepltz'yastriisqne
563 881 835 916 {avolum-atibus
861 884 1074 916 acuminatis
1114 883 1364 926 ehteyerrimis,
1396 881 1610 927 periantlziis

84 939 275 974 obcordatis
299 947 416 973 ventre
440 947 537 973 acute
562 941 804 976 unicarinatis.
858 941 1017 975 Gottsclte
1044 940 1140 974 Icon.
1166 940 1284 975 Frzdl.
1312 941 1431 974 inedit.

273 1001 542 1042 Jungermannia
571 1001 758 1033 obcordata
796 1000 841 1034 L.
867 1006 898 1034 et
923 1001 988 1044 Ly.
1015 1000 1052 1033 in
1077 1000 1196 1035 Leltm.
1223 1011 1297 1033 nov.
1323 1007 1353 1033 et
1380 1001 1493 1033 minus
1513 1011 1607 1044 coyn.

360 1058 459 1103 stirp.
488 1058 582 1102 Puy.
611 1058 681 1092 VI.
712 1062 813 1093 1834.
834 1072 874 1105 p.
900 1062 958 1094 51.
985 1071 1020 1092 η.
1047 1061 1106 1093 26.

179 1126 340 1160 Habitat
365 1127 401 1161 in
432 1127 583 1161 Guiana
612 1128 704 1171 (Hb.
733 1128 839 1174 ΗΚ).

179 1197 289 1231 Obs.
341 1197 470 1231 Affinis
498 1197 711 1232 Frullaniae
738 1199 960 1233 intermediae
986 1204 1022 1233 et
1054 1199 1236 1234 bruuneae.
1295 1200 1328 1233 A
1366 1200 1512 1243 priore,
1546 1201 1607 1234 cui

82 1255 280 1298 simillima,
308 1256 430 1290 differt
456 1257 552 1291 foliis
580 1257 808 1301 squarrosis,
836 1258 1087 1299 brevioribus,
1116 1258 1308 1297 rotundis,
1331 1259 1607 1301 ampbigastriis

81 1316 281 1358 convexis,
326 1316 502 1350 auriculis
539 1316 729 1360 plerisque
769 1316 918 1351 erectis.
977 1317 1009 1350 A
1038 1316 1232 1350 Frullania
1270 1316 1423 1351 bramzea
1464 1322 1608 1352 statura

78 1375 201 1409 minus
227 1375 376 1419 gracili,
402 1374 499 1409 foliis
526 1375 755 1419 squarrosis,
786 1375 963 1409 omnibus
990 1376 1134 1410 obtusis
1163 1376 1259 1409 haud
1289 1376 1429 1413 nitidis,
1458 1376 1602 1419 amphi-

78 1434 226 1475 gastriis
252 1434 457 1468 minoribus
484 1434 605 1467 minus
632 1434 875 1469 denticulatis
893 1461 901 1475 ‚
929 1436 1150 1479 praesertim
1180 1446 1266 1469 vero
1294 1435 1501 1479 perianthio
1528 1445 1601 1468 non

79 1493 212 1527 obtuse
238 1495 382 1538 trigono
408 1494 473 1529 sed
501 1493 714 1528 eordiformi
743 1498 854 1528 acute
881 1495 1100 1538 triangulari
1128 1495 1218 1529 satis
1245 1506 1431 1539 superque
1455 1495 1603 1529 diversa

78 1549 360 1598 (Lindenberg).

330 1651 388 1682 79.
444 1648 733 1683 Frurllafnia
759 1647 1136 1694 wadenhem-950·
1162 1648 1354 1682 Gottsche.

176 1718 242 1751 Fr.
271 1719 413 1764 ‹Ii-(syna,
450 1719 547 1752 caule
573 1718 752 1764 bipinnalo
778 1732 930 1760 ramoso,
961 1720 1084 1764 pinnis
1117 1718 1324 1752 brevissimis
1355 1718 1602 1765 wderoplzyllis,

67 1777 174 1823 foliis
205 1778 313 1811 oratis
344 1779 593 1822 inteyerrimiQ
632 1778 799 1812 auriculis
824 1778 947 1824 pari-is
981 1778 1349 1824 cylindrico-clavatis
1383 1777 1601 1819 distantibus,

71 1836 168 1882 plica
209 1836 427 1882 trimzyulari
469 1837 636 1877 notabili,
683 1838 943 1883 amplee'yastre'is
977 1837 1263 1870 ovato-cordatis
1298 1837 1411 1881 bifidis
1450 1835 1601 1869 subime—

74 1896 249 1940 yerrimis,
270 1895 376 1940 foliis
402 1895 670 1930 incolum-«libus
695 1897 906 1930 acuminatis
930 1895 1244 1939 subinte9m·1·i›nis‚
1274 1895 1474 1940 periantln‘o
1511 1907 1603 1928 com-

71 1966 188 2000 presso
223 1954 420 2000 pyrisormi
451 1955 549 1988 dorso
581 1954 712 1988 sulcato
765 1962 880 1989 ventre
922 1954 990 1988 late
1025 1956 1255 1988 unicarinato.
1320 1953 1480 1987 Gotcsehe
1504 1953 1601 1986 Icon.

76 2013 241 2047 Frullan.
268 2014 386 2047 inedit-

267 2073 441 2104 Frullania
468 2073 719 2116 Lindenbergii
746 2073 866 2106 Lehm.
896 2073 990 2117 Pity.
1016 2073 1116 2118 stirp.
1143 2085 1204 2105 nov
1230 2072 1344 2106 VIII.
1367 2085 1406 2118 p.
1435 2075 1490 2105 17.

172 2142 333 2176 Habitat
369 2142 407 2176 in
441 2142 575 2186 Capite
612 2144 746 2177 Bonae
779 2143 869 2187 Spei
913 2155 1027 2187 prope
1063 2143 1326 2177 Zwellendam.
1387 2142 1601 2186 specimina

78 2212 98 2235 a
126 2201 170 2235 cl.
197 2201 330 2244 Pappe
357 2205 393 2234 et
420 2201 466 2234 ab
494 2202 636 2235 Ecklon
665 2202 761 2236 lecta
787 2208 1028 2237 asservantur
1054 2202 1090 2236 in
1119 2202 1195 2235 Hb.
1224 2202 1517 2235 Lehmanniano.

173 2274 309 2308 Caules
344 2272 514 2316 rigiduli‚
553 2277 605 2306 1-
627 2276 669 2315 1}
695 2274 782 2318 poll.
818 2273 941 2317 longi,
977 2273 1101 2317 pinnis
1129 2272 1307 2306 brevibus
1342 2272 1600 2316 frequentibus

76 2332 294 2376 regulariter
315 2332 588 2365 alternantibus
610 2337 646 2367 et
661 2332 914 2376 microphyllis
933 2332 1158 2375 singularem
1176 2331 1363 2375 quendam
1384 2332 1600 2375 adspectum

75 2393 269 2437 praebent,
296 2391 517 2437 praesertim
542 2402 626 2425 cum
651 2391 705 2425 illi
731 2392 865 2425 ramuli
892 2391 1137 2435 microphylli‚
1164 2391 1226 2435 qui
1254 2389 1420 2423 habitum
1447 2400 1597 2423 mascu-

74 2450 190 2484 larem
217 2461 249 2485 e.
277 2461 313 2494 g.
339 2450 376 2484 in
396 2450 593 2484 Frallania
617 2450 769 2484 dilatata
796 2454 832 2484 et
854 2451 892 2484 in
908 2451 1063 2485 Radulis
1087 2450 1235 2492 sistunt,
1262 2450 1309 2483 ab
1328 2449 1601 2484 inflorescentia

74 2509 244 2544 mascula
278 2510 389 2554 plane
424 2510 534 2544 alieni
563 2510 647 2544 sint.
682 2509 788 2543 Folia
814 2514 946 2553 ovata,
974 2509 1234 2554 integerrima,
1261 2518 1445 2548 concava,
1480 2507 1596 2541 inter-

75 2568 164 2602 dum
188 2568 254 2611 ita,
281 2572 322 2603 ut
337 2580 435 2613 apex
462 2569 539 2603 solii
568 2569 750 2603 rotundus
777 2569 892 2603 limbo
919 2569 1021 2603 tenui
1048 2569 1256 2603 cucullatus
1283 2571 1483 2611 appareat3
1510 2566 1599 2600 folia

74 2627 218 2662 floralia
261 2627 309 2662 ad
347 2632 521 2673 quartum
559 2628 635 2662 sere
669 2639 739 2672 par
772 2639 918 2673 semper
952 2628 1155 2673 apiculata.
1215 2625 1418 2661 Auriculae
1458 2634 1599 2668 parvae

76 2685 559 2730 cylindrico-galeiformes
593 2687 640 2721 ad
669 2687 817 2722 tertiam
842 2692 987 2732 partem
1014 2687 1090 2722 folii
1119 2685 1327 2721 altitudinis
1353 2682 1598 2724 adscendunt,

75 2743 284 2788 discretae,
312 2746 453 2781 lamina
479 2747 722 2791 triangulari,
747 2758 865 2792 prope
891 2746 1098 2782 auriculam
1124 2747 1236 2781 dente
1262 2741 1477 2788 styliformi‚
1503 2741 1600 2775 inter

75 2804 222 2839 caulem
247 2808 285 2839 et
306 2805 513 2841 auriculam
538 2807 757 2849 interiecta;
790 2807 976 2842 interdum
1002 2808 1128 2849 etiam,
1153 2804 1356 2850 praecipue
1381 2801 1420 2835 in
1446 2800 1598 2835 ramulis

73 2863 350 2908 mierophyllis,
394 2865 433 2900 in
469 2877 545 2902 uno
582 2867 671 2902 solio
708 2866 875 2901 insident
913 2866 1104 2902 auriculae
1142 2864 1267 2899 binae.
1329 2860 1601 2908 Avnphiqascria

75 2924 405 2967 ovato-cordata,
441 2925 488 2960 ad
523 2927 547 2968 ὲ
577 2930 723 2970 partem
759 2925 892 2970 bifida,
932 2924 1264 2969 subintegerrima,
1298 2920 1464 2965 margine
1498 2918 1598 2955 enim
