<?xml version="1.0" encoding="UTF-8"?>
<!DOCTYPE html PUBLIC "-//W3C//DTD XHTML 1.0 Transitional//EN"
    "http://www.w3.org/TR/xhtml1/DTD/xhtml1-transitional.dtd">
<html xmlns="http://www.w3.org/1999/xhtml" xml:lang="en" lang="en">
 <head>
  <title>
</title>
<meta http-equiv="Content-Type" content="text/html;charset=utf-8" />
  <meta name='ocr-system' content='tesseract 3.04.00' />
  <meta name='ocr-capabilities' content='ocr_page ocr_carea ocr_par ocr_line ocrx_word'/>
</head>
<body>
  <div class='ocr_page' id='page_1' title='image "./synopsishepatica00gott_0820.png"; bbox 0 0 1824 3252; ppageno 0'>
   <div class='ocr_carea' id='block_1_1' title="bbox 157 155 1087 200">
    <p class='ocr_par' dir='ltr' id='par_1_1' title="bbox 157 155 1087 200">
     <span class='ocr_line' id='line_1_1' title="bbox 157 155 1087 200; baseline -0.005 -7"><span class='ocrx_word' id='word_1_1' title='bbox 157 158 231 193; x_wconf 82' lang='lat'>786</span> <span class='ocrx_word' id='word_1_2' title='bbox 777 155 1087 200; x_wconf 82' lang='lat' dir='ltr'>Symphyogyna.</span> 
     </span>
    </p>
   </div>
   <div class='ocr_carea' id='block_1_2' title="bbox 255 265 1704 393">
    <p class='ocr_par' dir='ltr' id='par_1_2' title="bbox 255 265 1704 393">
     <span class='ocr_line' id='line_1_2' title="bbox 683 265 1205 325; baseline -0.006 -12"><span class='ocrx_word' id='word_1_3' title='bbox 683 265 1205 325; x_wconf 75' lang='lat' dir='ltr'>Symphyogyna.</span> 
     </span>
     <span class='ocr_line' id='line_1_3' title="bbox 255 347 1704 393; baseline -0.002 -7"><span class='ocrx_word' id='word_1_4' title='bbox 255 351 406 386; x_wconf 85' lang='lat' dir='ltr'>Additis</span> <span class='ocrx_word' id='word_1_5' title='bbox 434 350 536 384; x_wconf 81' lang='lat' dir='ltr'>hisce</span> <span class='ocrx_word' id='word_1_6' title='bbox 563 352 586 383; x_wconf 84' lang='lat'><em>5</em></span> <span class='ocrx_word' id='word_1_7' title='bbox 614 348 864 393; x_wconf 88' lang='lat' dir='ltr'>sequentibus</span> <span class='ocrx_word' id='word_1_8' title='bbox 901 359 1079 382; x_wconf 85' lang='lat' dir='ltr'>numerus</span> <span class='ocrx_word' id='word_1_9' title='bbox 1113 347 1324 392; x_wconf 83' lang='lat' dir='ltr'><strong>specierum</strong></span> <span class='ocrx_word' id='word_1_10' title='bbox 1352 348 1398 382; x_wconf 87' lang='lat' dir='ltr'>ad</span> <span class='ocrx_word' id='word_1_11' title='bbox 1425 351 1474 383; x_wconf 79' lang='lat'>24</span> <span class='ocrx_word' id='word_1_12' title='bbox 1500 349 1704 392; x_wconf 82' lang='lat' dir='ltr'>attollitur;</span> 
     </span>
    </p>
   </div>
   <div class='ocr_carea' id='block_1_3' title="bbox 159 408 1703 514">
    <p class='ocr_par' dir='ltr' id='par_1_3' title="bbox 159 408 1703 514">
     <span class='ocr_line' id='line_1_4' title="bbox 159 408 1703 450; baseline -0.003 -3"><span class='ocrx_word' id='word_1_13' title='bbox 159 413 290 447; x_wconf 82' lang='lat' dir='ltr'>harum</span> <span class='ocrx_word' id='word_1_14' title='bbox 326 422 400 445; x_wconf 88' lang='lat' dir='ltr'>una</span> <span class='ocrx_word' id='word_1_15' title='bbox 436 410 473 443; x_wconf 90' lang='lat' dir='ltr'>in</span> <span class='ocrx_word' id='word_1_16' title='bbox 507 408 636 443; x_wconf 84' lang='lat' dir='ltr'>Africa</span> <span class='ocrx_word' id='word_1_17' title='bbox 673 409 850 450; x_wconf 88' lang='lat' dir='ltr'>australi,</span> <span class='ocrx_word' id='word_1_18' title='bbox 895 409 1014 443; x_wconf 86' lang='lat' dir='ltr'>altera</span> <span class='ocrx_word' id='word_1_19' title='bbox 1051 408 1088 442; x_wconf 91' lang='lat' dir='ltr'>in</span> <span class='ocrx_word' id='word_1_20' title='bbox 1118 408 1230 443; x_wconf 92' lang='lat' dir='ltr'>Nova</span> <span class='ocrx_word' id='word_1_21' title='bbox 1261 408 1486 449; x_wconf 86' lang='lat' dir='ltr'>Hollandia,</span> <span class='ocrx_word' id='word_1_22' title='bbox 1520 409 1631 443; x_wconf 87' lang='lat' dir='ltr'>tertia</span> <span class='ocrx_word' id='word_1_23' title='bbox 1665 409 1703 443; x_wconf 89' lang='lat' dir='ltr'>in</span> 
     </span>
     <span class='ocr_line' id='line_1_5' title="bbox 159 468 1356 514; baseline -0.003 -8"><span class='ocrx_word' id='word_1_24' title='bbox 159 471 291 506; x_wconf 86' lang='lat' dir='ltr'>Insula</span> <span class='ocrx_word' id='word_1_25' title='bbox 318 469 492 505; x_wconf 84' lang='lat' dir='ltr'>Mauritii</span> <span class='ocrx_word' id='word_1_26' title='bbox 519 474 556 503; x_wconf 90' lang='lat' dir='ltr'>et</span> <span class='ocrx_word' id='word_1_27' title='bbox 583 468 750 514; x_wconf 84' lang='lat' dir='ltr'>reliquae</span> <span class='ocrx_word' id='word_1_28' title='bbox 776 469 875 504; x_wconf 85' lang='lat' dir='ltr'>duae</span> <span class='ocrx_word' id='word_1_29' title='bbox 902 469 940 503; x_wconf 87' lang='lat' dir='ltr'>in</span> <span class='ocrx_word' id='word_1_30' title='bbox 967 470 1142 503; x_wconf 80' lang='lat' dir='ltr'>America</span> <span class='ocrx_word' id='word_1_31' title='bbox 1169 473 1356 503; x_wconf 84' lang='lat' dir='ltr'>crescunt.</span> 
     </span>
    </p>
   </div>
   <div class='ocr_carea' id='block_1_4' title="bbox 158 549 1637 598">
    <p class='ocr_par' dir='ltr' id='par_1_4' title="bbox 158 549 1637 598">
     <span class='ocr_line' id='line_1_6' title="bbox 158 549 1637 598; baseline -0.001 -12"><span class='ocrx_word' id='word_1_32' title='bbox 158 564 194 597; x_wconf 90' lang='lat' dir='ltr'>p.</span> <span class='ocrx_word' id='word_1_33' title='bbox 222 554 306 586; x_wconf 84' lang='lat'><strong><em>480.</em></strong></span> <span class='ocrx_word' id='word_1_34' title='bbox 411 556 440 586; x_wconf 89' lang='grc'><strong>1.</strong></span> <span class='ocrx_word' id='word_1_35' title='bbox 479 551 891 598; x_wconf 72' lang='lat' dir='ltr'>Symphyoyyna</span> <span class='ocrx_word' id='word_1_36' title='bbox 916 551 1412 598; x_wconf 64' lang='lat' dir='ltr'>Hymetiophyllum</span> <span class='ocrx_word' id='word_1_37' title='bbox 1438 550 1494 586; x_wconf 90' lang='lat' dir='ltr'>M.</span> <span class='ocrx_word' id='word_1_38' title='bbox 1522 555 1560 585; x_wconf 88' lang='lat' dir='ltr'>et</span> <span class='ocrx_word' id='word_1_39' title='bbox 1587 549 1637 585; x_wconf 92' lang='lat' dir='ltr'>N.</span> 
     </span>
    </p>
   </div>
   <div class='ocr_carea' id='block_1_5' title="bbox 159 622 1703 847">
    <p class='ocr_par' dir='ltr' id='par_1_5' title="bbox 159 622 1703 847">
     <span class='ocr_line' id='line_1_7' title="bbox 159 622 1703 666; baseline -0.003 -7"><span class='ocrx_word' id='word_1_40' title='bbox 159 624 289 659; x_wconf 72' lang='lat' dir='ltr'>Adde:</span> <span class='ocrx_word' id='word_1_41' title='bbox 317 625 339 663; x_wconf 80' lang='grc' dir='ltr'><strong><em>β</em></strong></span> <span class='ocrx_word' id='word_1_42' title='bbox 367 622 643 663; x_wconf 76' lang='lat' dir='ltr'>Liebmaniana,</span> <span class='ocrx_word' id='word_1_43' title='bbox 678 624 810 655; x_wconf 79' lang='lat' dir='ltr'>laciniis</span> <span class='ocrx_word' id='word_1_44' title='bbox 839 625 1006 666; x_wconf 83' lang='lat' dir='ltr'>elongatis</span> <span class='ocrx_word' id='word_1_45' title='bbox 1033 625 1191 666; x_wconf 82' lang='lat' dir='ltr'>margine</span> <span class='ocrx_word' id='word_1_46' title='bbox 1218 625 1352 656; x_wconf 87' lang='lat' dir='ltr'>minute</span> <span class='ocrx_word' id='word_1_47' title='bbox 1379 625 1533 664; x_wconf 77' lang='lat' dir='ltr'>serratis,</span> <span class='ocrx_word' id='word_1_48' title='bbox 1561 634 1703 666; x_wconf 78' lang='lat' dir='ltr'>squama</span> 
     </span>
     <span class='ocr_line' id='line_1_8' title="bbox 304 684 875 724; baseline -0.004 -7"><span class='ocrx_word' id='word_1_49' title='bbox 304 685 512 717; x_wconf 77' lang='lat' dir='ltr'>involucrali</span> <span class='ocrx_word' id='word_1_50' title='bbox 539 684 676 724; x_wconf 81' lang='lat' dir='ltr'>longius</span> <span class='ocrx_word' id='word_1_51' title='bbox 705 684 875 715; x_wconf 73' lang='lat' dir='ltr'><strong>laciniam.</strong></span> 
     </span>
     <span class='ocr_line' id='line_1_9' title="bbox 354 741 987 778; baseline 0.003 -2"><span class='ocrx_word' id='word_1_52' title='bbox 354 742 524 777; x_wconf 84' lang='lat' dir='ltr'>Liebmun</span> <span class='ocrx_word' id='word_1_53' title='bbox 551 742 629 776; x_wconf 74' lang='lat' dir='ltr'>Iter</span> <span class='ocrx_word' id='word_1_54' title='bbox 656 741 835 776; x_wconf 63' lang='lat' dir='ltr'>Marii-an.</span> <span class='ocrx_word' id='word_1_55' title='bbox 864 742 987 778; x_wconf 75' lang='lat' dir='ltr'>inedit.</span> 
     </span>
     <span class='ocr_line' id='line_1_10' title="bbox 256 802 1372 847; baseline 0 -9"><span class='ocrx_word' id='word_1_56' title='bbox 256 804 419 838; x_wconf 84' lang='lat' dir='ltr'>Habitat</span> <span class='ocrx_word' id='word_1_57' title='bbox 445 803 483 837; x_wconf 85' lang='lat' dir='ltr'>in</span> <span class='ocrx_word' id='word_1_58' title='bbox 511 803 666 837; x_wconf 80' lang='lat' dir='ltr'>Mexieo</span> <span class='ocrx_word' id='word_1_59' title='bbox 695 803 740 836; x_wconf 83' lang='lat' dir='ltr'>ad</span> <span class='ocrx_word' id='word_1_60' title='bbox 769 803 955 846; x_wconf 75' lang='lat' dir='ltr'>Trapiche</span> <span class='ocrx_word' id='word_1_61' title='bbox 983 803 1028 837; x_wconf 89' lang='lat' dir='ltr'>de</span> <span class='ocrx_word' id='word_1_62' title='bbox 1055 803 1088 837; x_wconf 80' lang='lat' dir='ltr'>la</span> <span class='ocrx_word' id='word_1_63' title='bbox 1119 802 1372 847; x_wconf 87' lang='lat' dir='ltr'>Concepcion.</span> 
     </span>
    </p>
   </div>
   <div class='ocr_carea' id='block_1_6' title="bbox 158 886 1607 945">
    <p class='ocr_par' dir='ltr' id='par_1_6' title="bbox 158 886 1607 945">
     <span class='ocr_line' id='line_1_11' title="bbox 158 886 1607 945; baseline -0.003 -9"><span class='ocrx_word' id='word_1_64' title='bbox 158 912 195 945; x_wconf 86' lang='lat' dir='ltr'><strong><em>p.</em></strong></span> <span class='ocrx_word' id='word_1_65' title='bbox 222 902 307 935; x_wconf 84' lang='lat'><strong><em>480.</em></strong></span> <span class='ocrx_word' id='word_1_66' title='bbox 412 901 425 931; x_wconf 93' lang='lat'>1</span> <span class='ocrx_word' id='word_1_67' title='bbox 447 898 482 931; x_wconf 91' lang='lat' dir='ltr'>b.</span> <span class='ocrx_word' id='word_1_68' title='bbox 538 886 948 944; x_wconf 51' lang='lat' dir='ltr'>Symphyo‘yyna,</span> <span class='ocrx_word' id='word_1_69' title='bbox 974 899 1195 942; x_wconf 73' lang='lat' dir='ltr'>spinosa</span> <span class='ocrx_word' id='word_1_70' title='bbox 1222 897 1343 941; x_wconf 86' lang='lat' dir='ltr'>Ldbg.</span> <span class='ocrx_word' id='word_1_71' title='bbox 1361 902 1397 931; x_wconf 85' lang='lat' dir='ltr'>et</span> <span class='ocrx_word' id='word_1_72' title='bbox 1412 897 1607 932; x_wconf 82' lang='lat' dir='ltr'>Gottsche.</span> 
     </span>
    </p>
   </div>
   <div class='ocr_carea' id='block_1_7' title="bbox 157 968 1706 1557">
    <p class='ocr_par' dir='ltr' id='par_1_7' title="bbox 157 968 1704 1139">
     <span class='ocr_line' id='line_1_12' title="bbox 255 968 1703 1017; baseline 0 -12"><span class='ocrx_word' id='word_1_73' title='bbox 255 971 297 1005; x_wconf 85' lang='lat' dir='ltr'><strong><em>S.</em></strong></span> <span class='ocrx_word' id='word_1_74' title='bbox 324 970 518 1004; x_wconf 74' lang='lat' dir='ltr'>rliizomate</span> <span class='ocrx_word' id='word_1_75' title='bbox 545 975 678 1015; x_wconf 80' lang='lat' dir='ltr'>repente</span> <span class='ocrx_word' id='word_1_76' title='bbox 693 968 880 1014; x_wconf 72' lang='lat' dir='ltr'>filisbrmi‚</span> <span class='ocrx_word' id='word_1_77' title='bbox 900 969 1095 1014; x_wconf 76' lang='lat' dir='ltr'><em>frondibus</em></span> <span class='ocrx_word' id='word_1_78' title='bbox 1121 971 1240 1004; x_wconf 81' lang='lat' dir='ltr'>erectis</span> <span class='ocrx_word' id='word_1_79' title='bbox 1254 969 1703 1017; x_wconf 72' lang='lat' dir='ltr'>flabellato-palmatfidis,</span> 
     </span>
     <span class='ocr_line' id='line_1_13' title="bbox 159 1028 1704 1077; baseline -0.001 -11"><span class='ocrx_word' id='word_1_80' title='bbox 159 1033 296 1066; x_wconf 80' lang='lat' dir='ltr'>laciniis</span> <span class='ocrx_word' id='word_1_81' title='bbox 310 1030 472 1077; x_wconf 73' lang='lat' dir='ltr'>fur-catis</span> <span class='ocrx_word' id='word_1_82' title='bbox 497 1028 744 1064; x_wconf 77' lang='lat' dir='ltr'>subumlulatis</span> <span class='ocrx_word' id='word_1_83' title='bbox 771 1030 867 1075; x_wconf 81' lang='lat' dir='ltr'><strong><em>apice</em></strong></span> <span class='ocrx_word' id='word_1_84' title='bbox 887 1031 1078 1064; x_wconf 76' lang='lat' dir='ltr'>attenuatis</span> <span class='ocrx_word' id='word_1_85' title='bbox 1097 1037 1197 1064; x_wconf 78' lang='lat' dir='ltr'>acute</span> <span class='ocrx_word' id='word_1_86' title='bbox 1217 1032 1459 1075; x_wconf 72' lang='grc' dir='ltr'><em>ειηαιῃὶηαεὶε,</em></span> <span class='ocrx_word' id='word_1_87' title='bbox 1487 1029 1704 1075; x_wconf 78' lang='lat' dir='ltr'>maryinibus</span> 
     </span>
     <span class='ocr_line' id='line_1_14' title="bbox 157 1090 415 1139; baseline -0.004 -14"><span class='ocrx_word' id='word_1_88' title='bbox 157 1090 415 1139; x_wconf 80' lang='lat' dir='ltr'>spinosissimis.</span> 
     </span>
    </p>

    <p class='ocr_par' dir='ltr' id='par_1_8' title="bbox 353 1149 1706 1315">
     <span class='ocr_line' id='line_1_15' title="bbox 355 1149 1423 1195; baseline -0.001 -12"><span class='ocrx_word' id='word_1_89' title='bbox 355 1150 630 1194; x_wconf 63' lang='lat' dir='ltr'>Sympliyogyna</span> <span class='ocrx_word' id='word_1_90' title='bbox 659 1152 798 1192; x_wconf 80' lang='lat' dir='ltr'>spinosa</span> <span class='ocrx_word' id='word_1_91' title='bbox 829 1149 991 1183; x_wconf 70' lang='lat' dir='ltr'>Gottsclie</span> <span class='ocrx_word' id='word_1_92' title='bbox 1020 1150 1115 1184; x_wconf 69' lang='lat' dir='ltr'><strong><em>Isou.</em></strong></span> <span class='ocrx_word' id='word_1_93' title='bbox 1146 1149 1277 1195; x_wconf 82' lang='lat' dir='ltr'><strong><em>Hepal.</em></strong></span> <span class='ocrx_word' id='word_1_94' title='bbox 1305 1149 1423 1183; x_wconf 73' lang='lat' dir='ltr'>inedit-</span> 
     </span>
     <span class='ocr_line' id='line_1_16' title="bbox 353 1198 1706 1255; baseline 0.001 -13"><span class='ocrx_word' id='word_1_95' title='bbox 353 1211 649 1252; x_wconf 73' lang='lat' dir='ltr'>Jungermauniae</span> <span class='ocrx_word' id='word_1_96' title='bbox 685 1210 918 1255; x_wconf 57' lang='lat' dir='ltr'>podoplijllae</span> <span class='ocrx_word' id='word_1_97' title='bbox 962 1209 1101 1244; x_wconf 70' lang='lat' dir='ltr'>Tleuub.</span> <span class='ocrx_word' id='word_1_98' title='bbox 1142 1209 1324 1244; x_wconf 63' lang='lat' dir='ltr'>Vae-setas?</span> <span class='ocrx_word' id='word_1_99' title='bbox 1380 1209 1473 1244; x_wconf 85' lang='lat' dir='ltr'>Web.</span> <span class='ocrx_word' id='word_1_100' title='bbox 1508 1198 1706 1244; x_wconf 25' lang='lat' dir='ltr'>inu-schedis</span> 
     </span>
     <span class='ocr_line' id='line_1_17' title="bbox 440 1268 695 1315; baseline 0.004 -13"><span class='ocrx_word' id='word_1_101' title='bbox 440 1268 519 1302; x_wconf 78' lang='lat' dir='ltr'>Hb.</span> <span class='ocrx_word' id='word_1_102' title='bbox 544 1270 695 1315; x_wconf 78' lang='lat' dir='ltr'>proprii.</span> 
     </span>
    </p>

    <p class='ocr_par' dir='ltr' id='par_1_9' title="bbox 159 1328 1704 1434">
     <span class='ocr_line' id='line_1_18' title="bbox 256 1328 1704 1374; baseline 0.003 -12"><span class='ocrx_word' id='word_1_103' title='bbox 256 1328 419 1363; x_wconf 80' lang='lat' dir='ltr'>Habitat</span> <span class='ocrx_word' id='word_1_104' title='bbox 456 1329 492 1362; x_wconf 87' lang='lat' dir='ltr'>in</span> <span class='ocrx_word' id='word_1_105' title='bbox 532 1329 661 1363; x_wconf 80' lang='lat' dir='ltr'>Insula</span> <span class='ocrx_word' id='word_1_106' title='bbox 701 1329 893 1372; x_wconf 81' lang='lat' dir='ltr'>Mauritii,</span> <span class='ocrx_word' id='word_1_107' title='bbox 941 1329 1004 1363; x_wconf 91' lang='lat' dir='ltr'>ubi</span> <span class='ocrx_word' id='word_1_108' title='bbox 1042 1330 1131 1373; x_wconf 80' lang='lat' dir='ltr'>legit</span> <span class='ocrx_word' id='word_1_109' title='bbox 1161 1331 1309 1374; x_wconf 88' lang='lat' dir='ltr'>Boryus</span> <span class='ocrx_word' id='word_1_110' title='bbox 1347 1332 1385 1364; x_wconf 91' lang='lat' dir='ltr'>et</span> <span class='ocrx_word' id='word_1_111' title='bbox 1419 1341 1504 1364; x_wconf 89' lang='lat' dir='ltr'>cum</span> <span class='ocrx_word' id='word_1_112' title='bbox 1533 1330 1704 1366; x_wconf 88' lang='lat' dir='ltr'>Bridelio</span> 
     </span>
     <span class='ocr_line' id='line_1_19' title="bbox 159 1389 1362 1434; baseline 0.001 -11"><span class='ocrx_word' id='word_1_113' title='bbox 159 1389 480 1431; x_wconf 82' lang='lat' dir='ltr'>communicavit,</span> <span class='ocrx_word' id='word_1_114' title='bbox 516 1399 537 1422; x_wconf 93' lang='lat' dir='ltr'>a</span> <span class='ocrx_word' id='word_1_115' title='bbox 563 1400 638 1434; x_wconf 84' lang='lat' dir='ltr'>quo</span> <span class='ocrx_word' id='word_1_116' title='bbox 666 1389 858 1424; x_wconf 54' lang='lat' dir='ltr'>XVcberus</span> <span class='ocrx_word' id='word_1_117' title='bbox 885 1390 982 1424; x_wconf 80' lang='lat' dir='ltr'>hanc</span> <span class='ocrx_word' id='word_1_118' title='bbox 1009 1391 1175 1434; x_wconf 87' lang='lat' dir='ltr'>plantam</span> <span class='ocrx_word' id='word_1_119' title='bbox 1203 1389 1362 1433; x_wconf 86' lang='lat' dir='ltr'>accepit.</span> 
     </span>
    </p>

    <p class='ocr_par' dir='ltr' id='par_1_10' title="bbox 159 1448 1701 1557">
     <span class='ocr_line' id='line_1_20' title="bbox 256 1448 1701 1495; baseline 0.001 -12"><span class='ocrx_word' id='word_1_120' title='bbox 256 1449 417 1483; x_wconf 88' lang='lat' dir='ltr'>Frondis</span> <span class='ocrx_word' id='word_1_121' title='bbox 446 1448 652 1489; x_wconf 81' lang='lat' dir='ltr'>divisione,</span> <span class='ocrx_word' id='word_1_122' title='bbox 690 1450 785 1484; x_wconf 80' lang='lat' dir='ltr'>lobis</span> <span class='ocrx_word' id='word_1_123' title='bbox 820 1451 964 1495; x_wconf 81' lang='lat' dir='ltr'><strong>apicem</strong></span> <span class='ocrx_word' id='word_1_124' title='bbox 1000 1461 1132 1484; x_wconf 87' lang='lat' dir='ltr'>versus</span> <span class='ocrx_word' id='word_1_125' title='bbox 1169 1450 1478 1484; x_wconf 79' lang='lat' dir='ltr'>decrescentibus</span> <span class='ocrx_word' id='word_1_126' title='bbox 1515 1449 1701 1494; x_wconf 75' lang='lat' dir='ltr'>spinosis-</span> 
     </span>
     <span class='ocr_line' id='line_1_21' title="bbox 159 1509 1140 1557; baseline -0.002 -12"><span class='ocrx_word' id='word_1_127' title='bbox 159 1510 264 1545; x_wconf 89' lang='lat' dir='ltr'>simis</span> <span class='ocrx_word' id='word_1_128' title='bbox 291 1510 415 1545; x_wconf 81' lang='lat' dir='ltr'>differt</span> <span class='ocrx_word' id='word_1_129' title='bbox 442 1521 463 1545; x_wconf 84' lang='lat' dir='ltr'>a</span> <span class='ocrx_word' id='word_1_130' title='bbox 491 1511 531 1545; x_wconf 81' lang='lat' dir='ltr'><strong><em>S.</em></strong></span> <span class='ocrx_word' id='word_1_131' title='bbox 553 1510 763 1557; x_wconf 76' lang='lat' dir='ltr'>podopliylla</span> <span class='ocrx_word' id='word_1_132' title='bbox 790 1516 827 1545; x_wconf 82' lang='lat' dir='ltr'>et</span> <span class='ocrx_word' id='word_1_133' title='bbox 853 1509 1140 1557; x_wconf 69' lang='lat' dir='ltr'>Hymenopliyllo.</span> 
     </span>
    </p>
   </div>
   <div class='ocr_carea' id='block_1_8' title="bbox 159 1604 1483 1653">
    <p class='ocr_par' dir='ltr' id='par_1_11' title="bbox 159 1604 1483 1653">
     <span class='ocr_line' id='line_1_22' title="bbox 159 1604 1483 1653; baseline -0.003 -13"><span class='ocrx_word' id='word_1_134' title='bbox 159 1616 196 1649; x_wconf 86' lang='lat' dir='ltr'><strong><em>p.</em></strong></span> <span class='ocrx_word' id='word_1_135' title='bbox 224 1608 306 1640; x_wconf 72' lang='lat'><strong><em>480.</em></strong></span> <span class='ocrx_word' id='word_1_136' title='bbox 407 1608 430 1638; x_wconf 82' lang='lat'><strong>2</strong></span> <span class='ocrx_word' id='word_1_137' title='bbox 453 1605 487 1639; x_wconf 88' lang='lat' dir='ltr'>b.</span> <span class='ocrx_word' id='word_1_138' title='bbox 541 1604 950 1653; x_wconf 67' lang='lat' dir='ltr'>Symphyoyyna</span> <span class='ocrx_word' id='word_1_139' title='bbox 975 1605 1309 1651; x_wconf 74' lang='lat' dir='ltr'>Harveyana</span> <span class='ocrx_word' id='word_1_140' title='bbox 1334 1604 1483 1647; x_wconf 77' lang='lat' dir='ltr'>Taylor.</span> 
     </span>
    </p>
   </div>
   <div class='ocr_carea' id='block_1_9' title="bbox 158 1674 1714 2450">
    <p class='ocr_par' dir='ltr' id='par_1_12' title="bbox 255 1674 1707 1724">
     <span class='ocr_line' id='line_1_23' title="bbox 255 1674 1707 1724; baseline -0.003 -13"><span class='ocrx_word' id='word_1_141' title='bbox 255 1678 296 1711; x_wconf 80' lang='lat' dir='ltr'><strong><em>S.</em></strong></span> <span class='ocrx_word' id='word_1_142' title='bbox 311 1677 447 1722; x_wconf 79' lang='lat' dir='ltr'>froude</span> <span class='ocrx_word' id='word_1_143' title='bbox 472 1679 634 1724; x_wconf 76' lang='lat' dir='ltr'>stipitata</span> <span class='ocrx_word' id='word_1_144' title='bbox 658 1685 769 1713; x_wconf 76' lang='lat' dir='ltr'>erecta</span> <span class='ocrx_word' id='word_1_145' title='bbox 795 1678 1005 1718; x_wconf 72' lang='grc' dir='ltr'><em>(ΙίοΙιοίοηια,</em></span> <span class='ocrx_word' id='word_1_146' title='bbox 1031 1675 1117 1710; x_wconf 67' lang='lat' dir='ltr'>lobes</span> <span class='ocrx_word' id='word_1_147' title='bbox 1143 1674 1440 1720; x_wconf 71' lang='lat' dir='ltr'>lineari-oblonyis</span> <span class='ocrx_word' id='word_1_148' title='bbox 1465 1674 1707 1709; x_wconf 64' lang='lat' dir='ltr'>crassinetviis</span> 
     </span>
    </p>

    <p class='ocr_par' dir='ltr' id='par_1_13' title="bbox 158 1738 1714 1903">
     <span class='ocr_line' id='line_1_24' title="bbox 158 1738 505 1782; baseline 0.006 -12"><span class='ocrx_word' id='word_1_149' title='bbox 158 1739 316 1782; x_wconf 73' lang='lat' dir='ltr'>maryine</span> <span class='ocrx_word' id='word_1_150' title='bbox 340 1738 505 1779; x_wconf 62' lang='lat' dir='ltr'>dentatis.</span> 
     </span>
     <span class='ocr_line' id='line_1_25' title="bbox 354 1793 1714 1843; baseline -0.003 -13"><span class='ocrx_word' id='word_1_151' title='bbox 354 1798 626 1843; x_wconf 65' lang='lat' dir='ltr'>Symphyogyna</span> <span class='ocrx_word' id='word_1_152' title='bbox 663 1799 861 1842; x_wconf 77' lang='lat' dir='ltr'>Harveyaua</span> <span class='ocrx_word' id='word_1_153' title='bbox 901 1796 1002 1843; x_wconf 76' lang='lat' dir='ltr'><strong><em>Tayl.</em></strong></span> <span class='ocrx_word' id='word_1_154' title='bbox 1041 1796 1129 1830; x_wconf 77' lang='lat' dir='ltr'><strong><em>Nov.</em></strong></span> <span class='ocrx_word' id='word_1_155' title='bbox 1159 1796 1253 1841; x_wconf 80' lang='lat' dir='ltr'><strong><em>Hep.</em></strong></span> <span class='ocrx_word' id='word_1_156' title='bbox 1290 1797 1328 1828; x_wconf 79' lang='lat' dir='ltr'>&#39;t&#39;n</span> <span class='ocrx_word' id='word_1_157' title='bbox 1355 1795 1467 1829; x_wconf 81' lang='lat' dir='ltr'><strong><em>Lond.</em></strong></span> <span class='ocrx_word' id='word_1_158' title='bbox 1502 1793 1632 1828; x_wconf 83' lang='lat' dir='ltr'><strong><em>Journ.</em></strong></span> <span class='ocrx_word' id='word_1_159' title='bbox 1667 1793 1714 1839; x_wconf 80' lang='lat' dir='ltr'>qs</span> 
     </span>
     <span class='ocr_line' id='line_1_26' title="bbox 452 1857 952 1903; baseline 0.004 -13"><span class='ocrx_word' id='word_1_160' title='bbox 452 1857 518 1891; x_wconf 77' lang='lat' dir='ltr'>bat.</span> <span class='ocrx_word' id='word_1_161' title='bbox 551 1860 654 1891; x_wconf 76' lang='lat'><strong><em>1846.</em></strong></span> <span class='ocrx_word' id='word_1_162' title='bbox 679 1869 715 1903; x_wconf 83' lang='lat' dir='ltr'><strong><em>p.</em></strong></span> <span class='ocrx_word' id='word_1_163' title='bbox 743 1860 827 1892; x_wconf 83' lang='lat'><strong><em>408.</em></strong></span> <span class='ocrx_word' id='word_1_164' title='bbox 855 1869 890 1890; x_wconf 86' lang='lat' dir='ltr'><strong><em>n.</em></strong></span> <span class='ocrx_word' id='word_1_165' title='bbox 922 1860 952 1892; x_wconf 83' lang='lat' dir='ltr'>l.</span> 
     </span>
    </p>

    <p class='ocr_par' dir='ltr' id='par_1_14' title="bbox 259 1926 1679 1971">
     <span class='ocr_line' id='line_1_27' title="bbox 259 1926 1679 1971; baseline -0.001 -10"><span class='ocrx_word' id='word_1_166' title='bbox 259 1928 421 1962; x_wconf 80' lang='lat' dir='ltr'>Habitat</span> <span class='ocrx_word' id='word_1_167' title='bbox 448 1928 486 1961; x_wconf 90' lang='lat' dir='ltr'>in</span> <span class='ocrx_word' id='word_1_168' title='bbox 518 1928 780 1962; x_wconf 88' lang='lat' dir='ltr'>Promontorio</span> <span class='ocrx_word' id='word_1_169' title='bbox 800 1928 931 1962; x_wconf 77' lang='lat' dir='ltr'>Bonae</span> <span class='ocrx_word' id='word_1_170' title='bbox 958 1927 1048 1971; x_wconf 83' lang='lat' dir='ltr'>Spei</span> <span class='ocrx_word' id='word_1_171' title='bbox 1074 1927 1157 1969; x_wconf 90' lang='lat' dir='ltr'>(W.</span> <span class='ocrx_word' id='word_1_172' title='bbox 1176 1927 1227 1961; x_wconf 91' lang='lat' dir='ltr'>H.</span> <span class='ocrx_word' id='word_1_173' title='bbox 1244 1927 1398 1970; x_wconf 73' lang='lat' dir='ltr'>Harvey</span> <span class='ocrx_word' id='word_1_174' title='bbox 1420 1926 1457 1960; x_wconf 86' lang='lat' dir='ltr'>in</span> <span class='ocrx_word' id='word_1_175' title='bbox 1475 1926 1552 1961; x_wconf 85' lang='lat' dir='ltr'>Hb.</span> <span class='ocrx_word' id='word_1_176' title='bbox 1574 1926 1679 1970; x_wconf 81' lang='lat' dir='ltr'><strong><em>Hk.).</em></strong></span> 
     </span>
    </p>

    <p class='ocr_par' dir='ltr' id='par_1_15' title="bbox 161 1986 1705 2201">
     <span class='ocr_line' id='line_1_28' title="bbox 259 1986 1704 2031; baseline 0.001 -11"><span class='ocrx_word' id='word_1_177' title='bbox 259 1987 431 2021; x_wconf 86' lang='lat' dir='ltr'>Frondes</span> <span class='ocrx_word' id='word_1_178' title='bbox 470 1987 612 2031; x_wconf 84' lang='lat' dir='ltr'>pallide</span> <span class='ocrx_word' id='word_1_179' title='bbox 652 1988 814 2028; x_wconf 77' lang='lat' dir='ltr'>virides,</span> <span class='ocrx_word' id='word_1_180' title='bbox 853 1987 966 2020; x_wconf 81' lang='lat' dir='ltr'>semel</span> <span class='ocrx_word' id='word_1_181' title='bbox 995 1987 1141 2029; x_wconf 81' lang='lat' dir='ltr'>(rarius</span> <span class='ocrx_word' id='word_1_182' title='bbox 1178 1987 1262 2030; x_wconf 92' lang='lat' dir='ltr'>bis)</span> <span class='ocrx_word' id='word_1_183' title='bbox 1298 1986 1548 2028; x_wconf 86' lang='lat' dir='ltr'>dichotomae‚</span> <span class='ocrx_word' id='word_1_184' title='bbox 1576 1987 1704 2030; x_wconf 80' lang='lat' dir='ltr'>stipite</span> 
     </span>
     <span class='ocr_line' id='line_1_29' title="bbox 162 2045 1705 2090; baseline -0.001 -8"><span class='ocrx_word' id='word_1_185' title='bbox 162 2048 262 2082; x_wconf 85' lang='lat' dir='ltr'>alato</span> <span class='ocrx_word' id='word_1_186' title='bbox 289 2048 477 2080; x_wconf 73' lang='lat' dir='ltr'>suffultae.</span> <span class='ocrx_word' id='word_1_187' title='bbox 522 2047 612 2080; x_wconf 88' lang='lat' dir='ltr'>Lobi</span> <span class='ocrx_word' id='word_1_188' title='bbox 637 2047 802 2090; x_wconf 77' lang='lat' dir='ltr'>angusti,</span> <span class='ocrx_word' id='word_1_189' title='bbox 831 2047 998 2090; x_wconf 88' lang='lat' dir='ltr'>oblongi,</span> <span class='ocrx_word' id='word_1_190' title='bbox 1027 2046 1157 2080; x_wconf 87' lang='lat' dir='ltr'>leviter</span> <span class='ocrx_word' id='word_1_191' title='bbox 1179 2045 1307 2087; x_wconf 86' lang='lat' dir='ltr'>incisi;</span> <span class='ocrx_word' id='word_1_192' title='bbox 1336 2046 1545 2089; x_wconf 86' lang='lat' dir='ltr'>marginum</span> <span class='ocrx_word' id='word_1_193' title='bbox 1573 2047 1705 2080; x_wconf 83' lang='lat' dir='ltr'>dentes</span> 
     </span>
     <span class='ocr_line' id='line_1_30' title="bbox 161 2105 1700 2142; baseline -0.001 -1"><span class='ocrx_word' id='word_1_194' title='bbox 161 2108 242 2142; x_wconf 85' lang='lat' dir='ltr'>basi</span> <span class='ocrx_word' id='word_1_195' title='bbox 283 2107 447 2141; x_wconf 82' lang='lat' dir='ltr'>latiores.</span> <span class='ocrx_word' id='word_1_196' title='bbox 508 2106 699 2141; x_wconf 66' lang='lat' dir='ltr'>Iamlam-a</span> <span class='ocrx_word' id='word_1_197' title='bbox 738 2108 775 2141; x_wconf 92' lang='lat' dir='ltr'>in</span> <span class='ocrx_word' id='word_1_198' title='bbox 814 2106 909 2140; x_wconf 88' lang='lat' dir='ltr'>lobis</span> <span class='ocrx_word' id='word_1_199' title='bbox 954 2106 1217 2140; x_wconf 82' lang='lat' dir='ltr'>terminalibus</span> <span class='ocrx_word' id='word_1_200' title='bbox 1251 2105 1431 2139; x_wconf 88' lang='lat' dir='ltr'>involutis</span> <span class='ocrx_word' id='word_1_201' title='bbox 1470 2106 1700 2140; x_wconf 80' lang='lat' dir='ltr'>lanceolato-</span> 
     </span>
     <span class='ocr_line' id='line_1_31' title="bbox 163 2167 867 2201; baseline -0.001 0"><span class='ocrx_word' id='word_1_202' title='bbox 163 2167 377 2201; x_wconf 80' lang='lat' dir='ltr'>bi-trifida.</span> <span class='ocrx_word' id='word_1_203' title='bbox 430 2167 592 2200; x_wconf 85' lang='lat' dir='ltr'>Fructus</span> <span class='ocrx_word' id='word_1_204' title='bbox 620 2178 694 2201; x_wconf 86' lang='lat' dir='ltr'>non</span> <span class='ocrx_word' id='word_1_205' title='bbox 724 2168 867 2201; x_wconf 86' lang='lat' dir='ltr'>aderat.</span> 
     </span>
    </p>

    <p class='ocr_par' dir='ltr' id='par_1_16' title="bbox 162 2225 1706 2450">
     <span class='ocr_line' id='line_1_32' title="bbox 260 2225 1706 2271; baseline -0.001 -12"><span class='ocrx_word' id='word_1_206' title='bbox 260 2225 396 2260; x_wconf 75' lang='lat' dir='ltr'>Diti&#39;ert</span> <span class='ocrx_word' id='word_1_207' title='bbox 424 2237 443 2260; x_wconf 88' lang='lat' dir='ltr'>a</span> <span class='ocrx_word' id='word_1_208' title='bbox 472 2226 512 2260; x_wconf 87' lang='lat' dir='ltr'>S.</span> <span class='ocrx_word' id='word_1_209' title='bbox 540 2225 697 2265; x_wconf 70' lang='grc' dir='ltr'>οόουιιία,</span> <span class='ocrx_word' id='word_1_210' title='bbox 725 2226 785 2260; x_wconf 89' lang='lat' dir='ltr'>cui</span> <span class='ocrx_word' id='word_1_211' title='bbox 812 2225 1015 2271; x_wconf 83' lang='lat' dir='ltr'>persimilis</span> <span class='ocrx_word' id='word_1_212' title='bbox 1043 2230 1112 2266; x_wconf 87' lang='lat' dir='ltr'>est,</span> <span class='ocrx_word' id='word_1_213' title='bbox 1143 2225 1329 2260; x_wconf 79' lang='lat' dir='ltr'>frondium</span> <span class='ocrx_word' id='word_1_214' title='bbox 1358 2225 1482 2260; x_wconf 86' lang='lat' dir='ltr'>nervis</span> <span class='ocrx_word' id='word_1_215' title='bbox 1508 2225 1706 2260; x_wconf 86' lang='lat' dir='ltr'>latioribus</span> 
     </span>
     <span class='ocr_line' id='line_1_33' title="bbox 162 2284 1704 2331; baseline -0.001 -11"><span class='ocrx_word' id='word_1_216' title='bbox 162 2286 228 2320; x_wconf 82' lang='lat' dir='ltr'>sed</span> <span class='ocrx_word' id='word_1_217' title='bbox 264 2287 326 2321; x_wconf 84' lang='lat' dir='ltr'>illa</span> <span class='ocrx_word' id='word_1_218' title='bbox 361 2286 519 2321; x_wconf 80' lang='lat' dir='ltr'>materia</span> <span class='ocrx_word' id='word_1_219' title='bbox 554 2286 665 2320; x_wconf 87' lang='lat' dir='ltr'>viridi</span> <span class='ocrx_word' id='word_1_220' title='bbox 701 2287 1042 2331; x_wconf 84' lang='lat' dir='ltr'>parencbymatosa</span> <span class='ocrx_word' id='word_1_221' title='bbox 1077 2286 1291 2327; x_wconf 86' lang='lat' dir='ltr'>destitutis,</span> <span class='ocrx_word' id='word_1_222' title='bbox 1331 2285 1391 2319; x_wconf 91' lang='lat' dir='ltr'>cui</span> <span class='ocrx_word' id='word_1_223' title='bbox 1425 2294 1564 2319; x_wconf 83' lang='lat' dir='ltr'>nervus</span> <span class='ocrx_word' id='word_1_224' title='bbox 1598 2285 1634 2319; x_wconf 89' lang='lat' dir='ltr'>in</span> <span class='ocrx_word' id='word_1_225' title='bbox 1663 2284 1704 2319; x_wconf 81' lang='lat' dir='ltr'><strong><em>S.</em></strong></span> 
     </span>
     <span class='ocr_line' id='line_1_34' title="bbox 162 2345 1703 2390; baseline 0 -11"><span class='ocrx_word' id='word_1_226' title='bbox 162 2345 304 2380; x_wconf 67' lang='lat' dir='ltr'>obaz-ata</span> <span class='ocrx_word' id='word_1_227' title='bbox 331 2347 531 2381; x_wconf 88' lang='lat' dir='ltr'>immersus</span> <span class='ocrx_word' id='word_1_228' title='bbox 559 2352 627 2386; x_wconf 73' lang='lat' dir='ltr'>est,</span> <span class='ocrx_word' id='word_1_229' title='bbox 655 2353 853 2390; x_wconf 86' lang='lat' dir='ltr'>praeterea</span> <span class='ocrx_word' id='word_1_230' title='bbox 882 2347 977 2381; x_wconf 85' lang='lat' dir='ltr'>lobis</span> <span class='ocrx_word' id='word_1_231' title='bbox 1006 2346 1287 2390; x_wconf 84' lang='lat' dir='ltr'>angustioribus</span> <span class='ocrx_word' id='word_1_232' title='bbox 1313 2350 1351 2380; x_wconf 90' lang='lat' dir='ltr'>et</span> <span class='ocrx_word' id='word_1_233' title='bbox 1372 2346 1582 2389; x_wconf 82' lang='lat' dir='ltr'>marginum</span> <span class='ocrx_word' id='word_1_234' title='bbox 1608 2346 1703 2379; x_wconf 90' lang='lat' dir='ltr'>den-</span> 
     </span>
     <span class='ocr_line' id='line_1_35' title="bbox 162 2404 887 2450; baseline 0.001 -11"><span class='ocrx_word' id='word_1_235' title='bbox 162 2404 265 2440; x_wconf 87' lang='lat' dir='ltr'>tibus</span> <span class='ocrx_word' id='word_1_236' title='bbox 292 2405 552 2440; x_wconf 78' lang='lat' dir='ltr'>validioribus.</span> <span class='ocrx_word' id='word_1_237' title='bbox 601 2406 758 2450; x_wconf 82' lang='lat' dir='ltr'>(Taylor</span> <span class='ocrx_word' id='word_1_238' title='bbox 785 2406 807 2442; x_wconf 87' lang='lat' dir='ltr'>l.</span> <span class='ocrx_word' id='word_1_239' title='bbox 835 2407 887 2450; x_wconf 86' lang='lat' dir='ltr'>c.)</span> 
     </span>
    </p>
   </div>
   <div class='ocr_carea' id='block_1_10' title="bbox 164 2498 1470 2547">
    <p class='ocr_par' dir='ltr' id='par_1_17' title="bbox 164 2498 1470 2547">
     <span class='ocr_line' id='line_1_36' title="bbox 164 2498 1470 2547; baseline 0 -15"><span class='ocrx_word' id='word_1_240' title='bbox 164 2510 199 2543; x_wconf 92' lang='lat' dir='ltr'>p.</span> <span class='ocrx_word' id='word_1_241' title='bbox 226 2501 312 2535; x_wconf 86' lang='lat'><strong><em>481.</em></strong></span> <span class='ocrx_word' id='word_1_242' title='bbox 412 2502 434 2533; x_wconf 90' lang='lat'><strong>3</strong></span> <span class='ocrx_word' id='word_1_243' title='bbox 457 2499 492 2533; x_wconf 94' lang='lat' dir='ltr'>b.</span> <span class='ocrx_word' id='word_1_244' title='bbox 543 2499 950 2547; x_wconf 66' lang='lat' dir='ltr'>Syntphyoqyna</span> <span class='ocrx_word' id='word_1_245' title='bbox 978 2498 1294 2544; x_wconf 74' lang='lat' dir='ltr'>leptothelia</span> <span class='ocrx_word' id='word_1_246' title='bbox 1320 2498 1470 2542; x_wconf 83' lang='lat' dir='ltr'>Taylor.</span> 
     </span>
    </p>
   </div>
   <div class='ocr_carea' id='block_1_11' title="bbox 159 2568 1708 2978">
    <p class='ocr_par' dir='ltr' id='par_1_18' title="bbox 159 2568 1708 2797">
     <span class='ocr_line' id='line_1_37' title="bbox 261 2568 1705 2618; baseline -0.002 -13"><span class='ocrx_word' id='word_1_247' title='bbox 261 2571 301 2605; x_wconf 87' lang='lat' dir='ltr'><strong><em>S.</em></strong></span> <span class='ocrx_word' id='word_1_248' title='bbox 319 2571 454 2617; x_wconf 81' lang='lat' dir='ltr'>fronde</span> <span class='ocrx_word' id='word_1_249' title='bbox 488 2570 639 2617; x_wconf 71' lang='lat' dir='ltr'>implexa</span> <span class='ocrx_word' id='word_1_250' title='bbox 664 2570 910 2617; x_wconf 70' lang='lat' dir='ltr'>procunzbmzte</span> <span class='ocrx_word' id='word_1_251' title='bbox 935 2569 1163 2618; x_wconf 80' lang='lat' dir='ltr'>substipilata</span> <span class='ocrx_word' id='word_1_252' title='bbox 1186 2571 1442 2606; x_wconf 77' lang='lat' dir='ltr'>subdichotoma</span> <span class='ocrx_word' id='word_1_253' title='bbox 1482 2568 1551 2603; x_wconf 83' lang='lat' dir='ltr'>late</span> <span class='ocrx_word' id='word_1_254' title='bbox 1576 2569 1705 2603; x_wconf 76' lang='lat' dir='ltr'>lineari</span> 
     </span>
     <span class='ocr_line' id='line_1_38' title="bbox 163 2628 1706 2678; baseline -0.002 -13"><span class='ocrx_word' id='word_1_255' title='bbox 163 2632 367 2665; x_wconf 77' lang='lat' dir='ltr'>tenuissima</span> <span class='ocrx_word' id='word_1_256' title='bbox 413 2631 630 2665; x_wconf 71' lang='lat' dir='ltr'>tenuium-via</span> <span class='ocrx_word' id='word_1_257' title='bbox 677 2632 834 2676; x_wconf 72' lang='lat' dir='ltr'>‘maryiue</span> <span class='ocrx_word' id='word_1_258' title='bbox 875 2632 1015 2665; x_wconf 81' lang='lat' dir='ltr'>dentato</span> <span class='ocrx_word' id='word_1_259' title='bbox 1031 2652 1047 2656; x_wconf 98' lang='lat'>-</span> <span class='ocrx_word' id='word_1_260' title='bbox 1062 2633 1224 2678; x_wconf 76' lang='lat' dir='ltr'>spinosa,</span> <span class='ocrx_word' id='word_1_261' title='bbox 1263 2630 1458 2678; x_wconf 60' lang='lat' dir='ltr'>peviyoniis</span> <span class='ocrx_word' id='word_1_262' title='bbox 1497 2628 1706 2663; x_wconf 77' lang='lat' dir='ltr'>alternatim</span> 
     </span>
     <span class='ocr_line' id='line_1_39' title="bbox 162 2688 1708 2739; baseline -0.001 -16"><span class='ocrx_word' id='word_1_263' title='bbox 162 2691 303 2724; x_wconf 76' lang='lat' dir='ltr'>seriatis</span> <span class='ocrx_word' id='word_1_264' title='bbox 326 2703 435 2737; x_wconf 82' lang='lat' dir='ltr'>supra</span> <span class='ocrx_word' id='word_1_265' title='bbox 461 2704 603 2726; x_wconf 76' lang='lat' dir='ltr'>nervum</span> <span class='ocrx_word' id='word_1_266' title='bbox 629 2691 816 2736; x_wconf 61' lang='lat' dir='ltr'>emiseni-5,</span> <span class='ocrx_word' id='word_1_267' title='bbox 850 2690 1020 2738; x_wconf 78' lang='lat' dir='ltr'>calyptris</span> <span class='ocrx_word' id='word_1_268' title='bbox 1050 2691 1232 2739; x_wconf 65' lang='lat' dir='ltr'>epiphyllis</span> <span class='ocrx_word' id='word_1_269' title='bbox 1256 2690 1410 2736; x_wconf 74' lang='lat' dir='ltr'>elonyate</span> <span class='ocrx_word' id='word_1_270' title='bbox 1435 2688 1587 2723; x_wconf 76' lang='lat' dir='ltr'>obovatis</span> <span class='ocrx_word' id='word_1_271' title='bbox 1610 2689 1708 2735; x_wconf 81' lang='lat' dir='ltr'>apice</span> 
     </span>
     <span class='ocr_line' id='line_1_40' title="bbox 159 2749 1140 2797; baseline 0.001 -13"><span class='ocrx_word' id='word_1_272' title='bbox 159 2749 380 2796; x_wconf 64' lang='lat' dir='ltr'>pistillifhris</span> <span class='ocrx_word' id='word_1_273' title='bbox 406 2749 480 2785; x_wconf 73' lang='lat' dir='ltr'>basi</span> <span class='ocrx_word' id='word_1_274' title='bbox 503 2763 648 2797; x_wconf 78' lang='lat' dir='ltr'>squama</span> <span class='ocrx_word' id='word_1_275' title='bbox 674 2750 1003 2786; x_wconf 73' lang='lat' dir='ltr'>luciniaco-dentata</span> <span class='ocrx_word' id='word_1_276' title='bbox 1030 2752 1140 2786; x_wconf 77' lang='lat' dir='ltr'>tectis.</span> 
     </span>
    </p>

    <p class='ocr_par' dir='ltr' id='par_1_19' title="bbox 265 2807 1706 2978">
     <span class='ocr_line' id='line_1_41' title="bbox 359 2807 1706 2858; baseline -0.001 -15"><span class='ocrx_word' id='word_1_277' title='bbox 359 2811 630 2856; x_wconf 70' lang='lat' dir='ltr'>Symphyogyua</span> <span class='ocrx_word' id='word_1_278' title='bbox 658 2813 856 2856; x_wconf 80' lang='lat' dir='ltr'>leptothelia</span> <span class='ocrx_word' id='word_1_279' title='bbox 887 2810 990 2858; x_wconf 76' lang='lat' dir='ltr'><strong><em>Tayl.</em></strong></span> <span class='ocrx_word' id='word_1_280' title='bbox 1012 2811 1101 2845; x_wconf 84' lang='lat' dir='ltr'><strong><em>.Nov.</em></strong></span> <span class='ocrx_word' id='word_1_281' title='bbox 1124 2811 1218 2857; x_wconf 78' lang='lat' dir='ltr'>Hep.</span> <span class='ocrx_word' id='word_1_282' title='bbox 1238 2811 1277 2845; x_wconf 81' lang='lat' dir='ltr'>in</span> <span class='ocrx_word' id='word_1_283' title='bbox 1289 2810 1404 2845; x_wconf 82' lang='lat' dir='ltr'><strong><em>Lond.</em></strong></span> <span class='ocrx_word' id='word_1_284' title='bbox 1420 2809 1550 2845; x_wconf 78' lang='lat' dir='ltr'><strong><em>Journ.</em></strong></span> <span class='ocrx_word' id='word_1_285' title='bbox 1571 2808 1617 2856; x_wconf 68' lang='lat' dir='ltr'>qf</span> <span class='ocrx_word' id='word_1_286' title='bbox 1634 2807 1706 2843; x_wconf 78' lang='lat' dir='ltr'><strong><em>bot.</em></strong></span> 
     </span>
     <span class='ocr_line' id='line_1_42' title="bbox 448 2864 1375 2917; baseline 0.002 -12"><span class='ocrx_word' id='word_1_287' title='bbox 448 2873 553 2905; x_wconf 85' lang='lat'><strong><em>1846.</em></strong></span> <span class='ocrx_word' id='word_1_288' title='bbox 574 2883 614 2917; x_wconf 80' lang='lat' dir='ltr'><strong><em>p.</em></strong></span> <span class='ocrx_word' id='word_1_289' title='bbox 640 2873 726 2905; x_wconf 85' lang='lat'><strong><em>408.</em></strong></span> <span class='ocrx_word' id='word_1_290' title='bbox 749 2883 784 2904; x_wconf 75' lang='lat' dir='ltr'><strong><em>n.</em></strong></span> <span class='ocrx_word' id='word_1_291' title='bbox 811 2874 847 2906; x_wconf 88' lang='lat'><strong><em>2.</em></strong></span> <span class='ocrx_word' id='word_1_292' title='bbox 1371 2864 1375 2869; x_wconf 84' lang='grc'><strong>’</strong></span> 
     </span>
     <span class='ocr_line' id='line_1_43' title="bbox 265 2930 1214 2978; baseline 0.001 -13"><span class='ocrx_word' id='word_1_293' title='bbox 265 2930 425 2966; x_wconf 83' lang='lat' dir='ltr'>Habitat</span> <span class='ocrx_word' id='word_1_294' title='bbox 451 2931 498 2966; x_wconf 88' lang='lat' dir='ltr'>ad</span> <span class='ocrx_word' id='word_1_295' title='bbox 528 2930 669 2976; x_wconf 84' lang='lat' dir='ltr'>Casapi</span> <span class='ocrx_word' id='word_1_296' title='bbox 699 2930 906 2976; x_wconf 71' lang='lat' dir='ltr'>(Mathews</span> <span class='ocrx_word' id='word_1_297' title='bbox 932 2930 970 2966; x_wconf 84' lang='lat' dir='ltr'>in</span> <span class='ocrx_word' id='word_1_298' title='bbox 999 2930 1077 2966; x_wconf 87' lang='lat' dir='ltr'>Hb.</span> <span class='ocrx_word' id='word_1_299' title='bbox 1105 2930 1214 2978; x_wconf 90' lang='lat' dir='ltr'><strong><em>Hk.).</em></strong></span> 
     </span>
    </p>
   </div>
  </div>
 </body>
</html>
