1824 3252
627 176 830 221 Scapania.
869 175 1150 220 Jungermania.
1578 178 1650 212 663

324 292 593 333 Jungermanuia
628 290 847 322 chloroleuca
882 288 986 335 Tayl.
1013 288 1106 334 Hep.
1138 294 1287 322 amaret.
1321 288 1360 321 in
1386 287 1497 322 Lond.
1522 287 1649 322 Journ-

409 350 455 393 of
472 349 537 384 bot.
570 353 672 384 1844.
692 362 731 395 p.
757 352 841 384 467.
868 361 903 384 n.
929 352 988 383 28.

230 407 374 442 Crescit
401 409 437 442 in
466 409 594 443 Insula
623 408 791 442 Hermitc
818 409 865 442 ad
894 406 1193 443 Promontorium
1221 406 1325 441 Horn
1351 404 1494 449 (Hook.
1515 406 1626 452 jun.).

230 468 400 514 Caespices
432 468 529 510 laxi,
565 467 902 503 virescenti-albi.
962 467 1068 501 Folia
1100 466 1280 508 disticha,
1320 466 1405 499 laxe
1440 465 1650 508 imbricata,

137 528 335 570 segmentis
369 538 482 571 saepe
519 526 702 569 recursis,
746 530 974 572 quapropter
1006 526 1170 569 surculi,
1203 525 1422 570 praesertim
1457 524 1650 566 exsiccati,

136 587 396 631 subsquarrosi
436 590 638 631 apparent;
679 597 822 621 summa
857 598 945 631 pars
984 586 1124 620 surculi
1163 585 1302 629 pallide
1339 584 1452 625 viret,
1499 582 1651 617 inferior

136 645 322 680 suscescit.
381 647 437 680 Ex
480 646 586 690 apice
622 645 784 680 caulium
820 657 933 689 saepe
966 644 1228 679 innovationes
1260 647 1282 678 3
1312 664 1327 670 -
1355 647 1379 678 4
1404 642 1649 678 fasciculatim

133 706 345 748 gignuntur.

230 778 342 811 Hanc
383 776 480 810 inter
517 775 680 820 speciem
718 780 754 810 et
788 776 1001 822 Scapaniam
1034 773 1253 819 densisolc‘am
1287 777 1397 818 atque
1430 769 1652 806 vertebralem

135 839 237 869 arcta
279 835 480 869 intercedit
520 835 746 870 coniunctio.
799 835 832 869 A
867 835 1043 880 Scapania
1077 834 1263 878 densifhlia
1303 831 1470 877 inprimis
1514 831 1647 864 ‹listin-

133 896 258 939 guitur
284 897 376 930 haec
404 900 527 930 nostra
555 897 677 930 colore
698 895 837 941 pallide
863 894 972 928 viridi
999 892 1089 927 satis
1117 892 1277 934 diverso,
1304 892 1474 925 foliorum
1499 894 1652 924 textura.

133 954 320 995 densiore,
349 955 427 989 scil.
446 956 589 989 cellulis
616 967 680 989 seu
710 955 866 989 maculis
891 953 990 986 haud
1018 952 1193 986 distincte
1221 951 1527 995 circumscriptis,
1555 950 1651 984 ciliis

137 1014 408 1056 marginalibus
446 1015 616 1048 foliorum
652 1015 883 1058 longioribus
920 1013 1112 1056 magisque
1146 1012 1193 1044 ab
1226 1011 1386 1044 invicem
1412 1009 1650 1052 distantibus,

134 1072 296 1118 denique
322 1073 540 1108 laciniarum
568 1074 644 1108 solii
672 1074 777 1118 apice
803 1073 945 1107 minute
972 1072 1096 1105 bifido.
1147 1070 1301 1114 (Taylor
1327 1070 1349 1103 l.
1377 1069 1424 1112 c.)

134 1177 167 1209 p.
194 1168 254 1200 72.
426 1169 485 1200 20.
513 1169 526 1200 2
569 1166 841 1210 Scapanioe
864 1163 1176 1199 vertebratis-
1201 1161 1348 1205 Taylor.

131 1225 239 1259 Adde
266 1224 456 1268 diagnosi:

264 1309 271 1316 .
301 1309 308 1317 .
342 1284 543 1330 periantliio
578 1282 720 1328 ohlomyo
752 1282 826 1316 basi
858 1281 1050 1328 eyllndrica
1081 1281 1175 1325 apice
1208 1291 1391 1325 compresso
1422 1291 1562 1313 recurvo
1592 1290 1651 1312 ore

136 1340 313 1383 ὒίῖαῦἱατο,
340 1343 441 1376 labiis
465 1343 641 1376 lachrimis
665 1342 877 1387 cibatisque,
900 1340 1010 1385 foliis
1034 1338 1304 1373 involucralibus
1326 1338 1545 1372 erectior-ibus
1570 1350 1649 1371 cau-

131 1400 215 1435 linis
238 1402 468 1447 cmfforvn'bus
493 1402 576 1436 labis
601 1403 696 1448 apice
715 1402 927 1448 profunditas
940 1401 1055 1444 fissis,
1079 1399 1226 1433 ventrali
1251 1399 1346 1443 apice
1368 1410 1521 1431 recurvo.

322 1463 591 1504 Jungcrmanuia
621 1463 817 1493 vertebralis
846 1460 987 1493 Hooker
1010 1459 1172 1504 crypta-ty.
1199 1458 1384 1491 antarctic.
1408 1461 1517 1503 1).4l.
1539 1469 1573 1490 ⁷2.
1592 1458 1650 1491 27.

230 1531 393 1567 Habitat
429 1532 466 1566 in
502 1533 616 1566 Terra.
652 1543 724 1566 van
760 1531 942 1571 Diemen,
986 1529 1050 1562 ubi
1079 1529 1307 1563 fructiferam
1337 1528 1426 1570 legit
1461 1527 1506 1560 cl.
1538 1528 1650 1560 Gunn

135 1590 232 1633 (Hb.
258 1591 384 1635 Tayl.)
421 1595 458 1624 et
484 1591 519 1625 in
547 1591 742 1625 arboribus
777 1591 812 1624 in
842 1589 980 1623 Insulis
1006 1588 1204 1622 Au‹·kland
1233 1599 1316 1621 rara
1350 1587 1522 1629 (Hooker
1542 1584 1652 1630 juu.),

132 1660 228 1693 quae
260 1650 466 1694 specimina
499 1650 640 1684 minora
678 1661 788 1694 quam
823 1650 887 1683 illa
925 1659 945 1681 e
983 1647 1203 1687 Tasmania‚
1250 1646 1466 1691 ceteroquin
1502 1646 1652 1680 omnino

127 1719 303 1752 congrua.

227 1780 481 1814 Periandri-um
508 1790 702 1821 magnum,
738 1779 973 1822 elongatum,
1010 1778 1220 1819 trilineare‚
1256 1779 1277 1820 ᾖ
1304 1776 1367 1810 lin.
1395 1776 1529 1816 latum,
1568 1772 1649 1807 basi

129 1849 295 1872 crassum
323 1851 342 1873 e
370 1839 466 1873 foliis
491 1839 784 1873 involucralibus
811 1840 919 1881 longe
945 1837 1304 1881 emergens‚inserne
1319 1832 1647 1879 subcylindricum,

128 1909 149 1932 a
177 1899 299 1933 medio
326 1909 578 1942 compressum
606 1902 642 1932 et
669 1908 886 1937 recurvum,
920 1908 982 1930 ore
1009 1896 1147 1930 exinde
1174 1895 1411 1935 bilabiatum3
1446 1892 1545 1926 labia
1572 1892 1649 1925 sere

128 1960 151 1991 4
176 1957 322 1991 laciniis
348 1958 495 1992 obtusis
521 1958 630 1999 longe
658 1957 795 1990 ciliatis
822 1955 1042 2000 composita,
1094 1954 1273 1998 Calyptra
1290 1952 1514 1997 pyril'ormis‚
1541 1950 1647 1994 apice

128 2020 165 2050 et
194 2017 453 2059 longitrorsum
483 2017 602 2050 fructu
639 2027 788 2059 egresso
817 2017 1008 2060 disrupta,
1045 2017 1060 2048 l
1090 2014 1153 2048 lin.
1181 2014 1311 2056 longa,
1346 2012 1426 2045 basi
1451 2014 1474 2044 6
1501 2010 1648 2054 pistillis

128 2075 308 2110 abortivis
343 2076 494 2120 stipata.
554 2075 659 2109 Folia
692 2074 921 2109 involueralia
956 2078 1100 2116 erecta,
1133 2073 1247 2116 paulo
1274 2071 1427 2114 maiora,
1456 2069 1644 2114 bipartita,

127 2136 327 2179 segmentis
350 2146 465 2180 quam
491 2135 640 2169 caulina
666 2135 889 2180 profundius
908 2134 1013 2178 apice
1036 2133 1169 2174 bifidis,
1194 2129 1407 2175 ceteroquin
1428 2128 1645 2163 conformia.

224 2193 460 2238 Quamquam
486 2195 720 2229 fructificatio
736 2205 835 2228 nunc
850 2194 997 2237 cognita
1020 2197 1088 2235 est,
1117 2193 1213 2228 hanc
1234 2190 1397 2234 speciem
1418 2189 1514 2222 sicut
1535 2193 1571 2221 et
1586 2187 1644 2222 Se.

127 2253 350 2298 densaefoliam
376 2253 472 2289 inter
497 2254 590 2288 alias
607 2254 815 2298 Scapanias
838 2253 990 2288 omnino
1015 2253 1174 2286 alienam
1198 2249 1328 2290 videri,
1355 2247 1484 2291 negari
1503 2247 1642 2292 nequit.

608 2353 1150 2412 sangermannia.

126 2447 160 2481 p.
187 2439 245 2472 74.
272 2436 295 2470 l.
325 2439 380 2471 12,
417 2447 535 2480 ponas
561 2437 642 2471 loco
679 2439 776 2478 „137
802 2434 996 2479 species“:
1033 2439 1131 2478 „195
1156 2437 1340 2480 species.“
1390 2435 1415 2469 l.
1453 2438 1505 2470 15.
1539 2435 1639 2471 loco:

219 2496 442 2540 Europaeae
469 2500 557 2530 sunt
589 2499 646 2538 85,
673 2506 794 2539 ponas
829 2497 950 2538 ,‚86·‘‚
991 2495 1013 2528 Ι.
1042 2498 1098 2538 17,
1139 2496 1220 2530 loco
1251 2495 1364 2530 Asiae
1390 2494 1555 2539 tropicae
1584 2498 1639 2537 15,

217 2566 336 2598 ponas
360 2558 483 2597 ,,16“,
510 2556 533 2590 Ι.
564 2558 618 2590 is.
648 2553 842 2589 Americae
867 2554 1171 2598 septentrionalis
1196 2558 1233 2597 3,
1260 2565 1381 2599 ponas
1408 2558 1496 2597 „9“‚
1531 2555 1554 2588 l.
1585 2557 1639 2590 19.

217 2618 254 2648 et
279 2615 360 2649 loco
386 2615 581 2649 Americae
607 2614 772 2658 tropicae
801 2616 857 2655 15,
884 2624 1001 2657 ponas
1028 2617 1139 2655 ‚,35⁴‘.

125 2673 146 2705 Ι.
173 2675 230 2706 20.
257 2683 395 2715 ponas:
428 2674 556 2708 Novae
577 2673 800 2707 Hollandiae
827 2678 863 2706 et
880 2674 1092 2707 Australiae
1122 2676 1177 2714 16,
1205 2672 1360 2707 adiectis
1386 2677 1509 2708 autem
1529 2673 1637 2708 Nova

218 2732 439 2770 Zeelandia.
469 2733 727 2767 Promontorio
752 2733 854 2766 Horn
885 2732 1090 2776 insulisque
1110 2732 1375 2773 Fvalklandicis,
1403 2731 1636 2775 Campbellii,

217 2790 441 2825 Aucklandii
468 2797 505 2826 et
531 2793 659 2826 Insula
686 2792 898 2835 Kerguelen
924 2794 967 2825 31
998 2792 1154 2835 species.

122 2848 387 2883 Adnotandum
415 2861 522 2894 porro
556 2851 865 2896 szyermmmiam
889 2850 1121 2884 schismoidem
1148 2851 1341 2896 Montcryne
1365 2850 1476 2884 etiam
1503 2849 1541 2883 in
1568 2850 1631 2884 In-

216 2907 307 2941 sulis
333 2909 558 2944 Aucklandii
582 2915 621 2945 et
646 2910 880 2953 Campbeffli,
897 2929 939 2935 —-
963 2909 1275 2955 Junyermamzr'am
1297 2909 1482 2945 coloratam
1511 2909 1632 2945 Lehm.
