1824 3252
707 206 1013 251 Jungermannia.
1548 209 1614 240 107

104 321 169 356 sed
203 321 325 355 differt
356 319 513 363 flagellis
546 319 777 354 ventralibus
819 318 960 354 crebris
999 317 1119 362 longis
1161 317 1297 353 foliolis
1333 318 1458 362 parvis
1493 318 1615 353 bifidis

104 380 330 414 distantibus
357 377 548 423 inspersis.
599 379 710 414 Color
735 378 907 423 pallidus.

200 438 257 473 An
284 438 459 472 distincta
487 438 654 482 species?

200 508 333 543 Forma
367 521 394 551 γ
418 511 471 532 Η
514 509 677 554 ambiyua
713 519 786 544 non
823 509 943 543 solum
979 507 1175 542 transitum
1209 507 1414 542 naturalem
1448 517 1469 541 e
1501 505 1617 540 forma

106 570 213 604 huius
246 569 383 614 speciei
416 580 441 608 ’γ
466 569 485 589 ³⁶
516 569 714 613 yracillinza
747 569 783 602 in
818 568 971 602 formam
1006 578 1032 608 γ
1058 566 1174 601 laxam
1206 571 1243 600 et
1269 567 1339 600 hac
1364 564 1618 600 intercedente

106 628 141 662 in
171 628 332 672 reliquas
358 629 609 668 demonstrat,
644 627 708 661 sed
736 626 847 660 etiam
875 638 895 661 e
920 626 1123 670 longinquo
1149 635 1287 659 nexum
1316 625 1475 669 aliquem
1508 622 1618 657 huius

106 687 243 731 speciei
278 698 362 721 cum
388 686 670 732 Junyermannia
694 686 880 720 Francisci
912 686 1056 730 prodit,
1087 685 1167 727 cui,
1202 689 1349 728 praeter
1382 682 1549 717 habitum
1581 681 1619 716 in

107 745 340 788 universum,
374 746 485 779 etiam
513 743 788 788 amphigastriis
815 745 1082 778 accedentibus
1107 754 1312 788 congruere
1337 742 1494 777 videtur.
1545 740 1615 775 Ni-

107 804 304 838 hilominus
338 808 461 838 tamen
496 803 669 846 coniungi
704 814 787 837 cum
820 802 893 837 ista
918 804 1043 847 specie
1071 803 1218 848 nequit,
1255 801 1549 847 repugnantibus
1577 802 1616 834 1⁰

107 862 294 896 radicellis
321 863 533 897 rhizomatis
559 862 749 906 plurimis,
782 872 879 906 quae
905 862 966 896 isti
993 863 1149 905 desunt,
1175 866 1218 896 2⁰
1247 859 1523 906 amphigastriis
1549 870 1616 894 an-

106 921 225 964 gustis
252 921 400 966 fereque
425 920 622 962 subulafis,
647 923 691 954 3⁰
720 920 1015 956 fructificationis
1040 922 1172 955 notitia
1198 921 1404 956 deficiente.

321 1026 381 1058 69.
432 1025 869 1069 Junyermannia
898 1024 1198 1060 interteoeta
1223 1024 1413 1059 Gottsche.

201 1094 240 1128 J.
255 1094 350 1129 caule
364 1096 608 1142 procumbente
631 1096 709 1130 lause
734 1095 926 1130 radiculoso
950 1095 1174 1142 subsimplici,
1191 1094 1299 1141 foliis
1321 1092 1623 1129 semivercicalz'bus

107 1155 375 1200 cuneis'ormibus
400 1155 514 1200 bifidis
538 1156 617 1189 sinu
641 1154 789 1200 Iobisque
813 1155 953 1197 obtusis,
967 1155 1099 1200 fructu
1125 1180 1133 1188 .
1161 1179 1170 1188 .

204 1224 247 1258 In
285 1229 427 1258 cratere
461 1225 595 1259 montis
633 1225 806 1259 Miseriae
838 1226 992 1270 (Mount
1017 1225 1175 1268 Misery)
1208 1224 1359 1258 Insulae
1385 1223 1424 1257 S.
1452 1221 1620 1256 Christo-

110 1282 212 1326 phori
248 1283 348 1327 apud
382 1287 526 1318 montes
559 1284 778 1328 sulphureos
804 1288 842 1318 et
868 1295 1001 1329 aquam
1028 1284 1209 1325 calidam,
1244 1293 1327 1317 cum
1362 1281 1400 1315 J.
1426 1281 1623 1315 succulenta.

109 1341 303 1386 eidemque
329 1341 543 1383 intertexta,
594 1343 761 1386 (Brentel
788 1344 825 1378 in
853 1345 930 1378 Hb.
958 1344 1145 1385 Gottsch„
1171 1343 1234 1384 L.,
1260 1342 1327 1385 Lg.
1354 1344 1391 1375 et
1418 1340 1480 1382 N.)

208 1413 348 1447 Similis
374 1414 487 1448 teneri
516 1414 664 1448 cuidam
691 1414 883 1457 specimini
900 1414 1200 1459 szymmanniae
1223 1413 1381 1459 inflatae,
1407 1409 1530 1443 differt
1555 1418 1626 1441 au-

110 1478 181 1506 tem
222 1473 498 1507 evidentissime
540 1474 636 1507 foliis
671 1472 1211 1508 obcordato-cuneiformibus
1250 1469 1540 1516 aequilateribus
1577 1467 1624 1502 ad

112 1529 272 1564 medium
311 1532 385 1566 fere
420 1544 537 1578 usque
572 1534 693 1568 bifidis
726 1533 871 1568 laciniis
898 1533 1017 1576 magis
1050 1531 1332 1575 divergentibus
1367 1528 1626 1574 pallidioribus

113 1588 325 1623 minoribus.

259 1661 353 1695 Fere
385 1662 584 1705 capillaris.
640 1661 847 1696 Radiculae
881 1661 1070 1695 solitariae
1104 1659 1340 1703 geminaeve‚
1378 1659 1530 1702 longae,
1565 1658 1624 1692 di-

117 1724 267 1754 stantes.
319 1720 495 1753 Laciniae
523 1721 596 1754 folii
625 1721 850 1762 subovatae‚
885 1720 1000 1754 latere
1027 1719 1148 1753 sinum
1173 1722 1365 1762 spectante
1393 1717 1626 1751 rectiusculo.

120 1778 224 1812 Retis
251 1779 417 1813 maculae
444 1780 602 1822 amplae,
629 1779 839 1822 contiguae,
866 1779 1054 1824 quaternis
1080 1778 1118 1812 in
1134 1778 1280 1821 singula
1298 1776 1434 1811 lacinia
1449 1776 1627 1811 seriebus.

238 1885 295 1916 70.
345 1884 779 1928 Ianam-mannia
799 1881 1287 1929 gymnomitrz'oicles
1322 1879 1370 1913 N.
1397 1879 1444 1913 ab
1471 1880 1514 1913 E.

211 1953 249 1986 J.
292 1953 388 1988 caule
429 1955 653 1989 adscendente
684 1954 875 1988 radiculoso
901 1953 1123 1998 jastiyiatinz
1157 1964 1291 1986 ramoso
1326 1952 1476 1990 iulaeeo,
1524 1948 1631 1982 ramis

117 2012 212 2056 apice
235 2011 453 2053 incrassatis,
473 2012 582 2056 foliis
614 2014 807 2047 arctissimae
831 2012 1021 2046 imbricatis
1051 2012 1185 2056 oblique
1208 2008 1509 2045 semiverticalibus
1526 2007 1633 2041 evacis

118 2071 268 2104 concavis
306 2071 587 2117 amplectentibus
618 2073 775 2117 maryine
812 2071 940 2105 clm-sali
976 2071 1102 2116 reflexo
1139 2071 1361 2111 decurrente,
1402 2068 1497 2114 apice
1531 2074 1632 2101 acute

120 2130 233 2175 bifidis
258 2130 394 2164 laciniis
420 2130 573 2165 brevibus
597 2137 659 2165 aut
683 2130 936 2172 obtusiuseulis,
951 2130 1083 2175 fluctu
1109 2155 1117 2164 .
1147 2155 1155 2162 .
1182 2154 1191 2163 .

309 2191 576 2232 Jungermanuia
604 2190 927 2234 gymnomssrioides
955 2189 1003 2224 N.
1030 2188 1072 2223 ab
1100 2188 1147 2221 Ε.
1173 2185 1446 2233 Hep.Eur.lI.
1469 2197 1506 2231 p.
1524 2188 1583 2226 5⁶2,
1598 2187 1632 2218 6.

395 2260 429 2282 n.
455 2251 513 2282 53.
554 2248 623 2283 IV.
644 2261 684 2294 p.
710 2248 857 2285 XLIV.

220 2318 377 2352 Habitat
416 2318 452 2352 in
487 2319 634 2363 alpibus
661 2320 886 2355 Germaniae
924 2319 1070 2354 mediae
1111 2316 1347 2362 (Silesiae),
1385 2319 1422 2349 et
1461 2313 1635 2349 australis

121 2375 438 2423 (Tempeljochgin
464 2378 594 2422 Tyrol:
628 2379 772 2413 Funck.
798 2379 835 2413 iu
864 2379 941 2414 Hb.
970 2378 1037 2422 N.)

361 2486 419 2517 71.
471 2484 906 2529 Junyermannz‘a
938 2482 1241 2520 orcadensis
1274 2481 1406 2517 Hook.·

218 2553 256 2587 J.
293 2553 390 2587 caule
415 2561 525 2588 erecto
559 2561 621 2588 aut
645 2556 869 2589 adscendente
893 2555 1039 2601 sparsim
1073 2553 1267 2588 radiculoso
1291 2552 1495 2587 rectiusculo
1517 2552 1638 2586 stricto

125 2623 142 2644 e
166 2619 283 2646 ventre
307 2613 499 2658 ramifi'cato
523 2614 679 2647 rariusve
711 2626 753 2647 ea:
776 2614 872 2659 apice
898 2614 1115 2659 bi—trifurco
1140 2613 1275 2657 νὶθίιῖο,
1294 2611 1402 2657 foliis
1424 2609 1634 2645 subvertica-

126 2668 212 2701 libus
236 2672 486 2715 approximatis
510 2672 866 2707 ovato-subrotundis
889 2673 1044 2706 convexis
1070 2673 1227 2717 maryine
1248 2671 1362 2716 infero
1386 2669 1522 2716 reflexis
1546 2667 1641 2713 apice

127 2726 219 2761 brevi
243 2730 355 2774 spatio
380 2731 605 2775 emaiyiizatis
628 2732 708 2765 sinu
733 2731 883 2777 lobisque
907 2732 1047 2774 obtusis,
1072 2732 1158 2766 retis
1173 2731 1316 2765 maculis
1334 2729 1488 2770 minutis,
1510 2727 1640 2772 fi'uetu

128 2787 314 2822 terminali.

317 2861 580 2902 Juugermaunia
608 2862 804 2894 orcadensis
827 2862 876 2896 N.
892 2862 935 2895 ab
947 2862 995 2897 Ε.
1023 2862 1116 2908 Hep.
1145 2861 1236 2896 Eur.
1266 2860 1317 2895 II.
1338 2870 1376 2904 p.
1402 2861 1461 2899 53,
1478 2860 1511 2891 6·
1539 2858 1640 2890 71-34-

404 2918 478 2951 ΙΙΙ.
501 2930 539 2963 p.
565 2921 647 2953 552.
677 2920 746 2954 IV.
767 2932 807 2966 p.
834 2920 957 2955 XLV.
