1824 3252
771 181 1019 225 Lophocolea.
1580 184 1653 218 697

135 295 398 341 amphiyastriis
421 295 565 329 minutis
588 295 793 340 quadrifidis
816 295 925 329 altero
947 295 1052 330 latere
1073 296 1237 338 connatis,
1257 294 1458 342 pen-ianthz'o
1476 295 1654 330 terminali

135 353 422 399 lineari-oblonyo
446 356 580 399 triyono
605 366 662 388 ore
687 362 804 400 aperto
830 355 947 400 trifido
971 356 1120 389 dentato.

327 415 548 458 Lophocolea
575 415 852 457 subemarginata
889 414 994 460 Tayl.
1024 415 1111 449 Nov.
1140 415 1231 461 Hep.
1257 416 1297 449 in
1322 415 1433 450 Lond.
1457 414 1584 450 Journ.
1616 413 1660 460 qf

413 474 478 508 bot.
515 477 618 509 1846.
638 487 677 520 p.
704 477 787 509 367.
813 488 847 510 η.
873 478 908 510 4.

235 545 394 580 Habitat
419 546 465 579 ad
492 546 649 581 cortices
675 546 711 580 in
739 547 852 579 Terra
877 556 949 580 van
978 545 1137 580 Diemen
1162 546 1294 588 (Gunn
1320 545 1358 579 in
1387 545 1464 580 Hb.
1492 546 1599 591 Hk.).

233 603 429 648 Caespites
455 605 546 645 laxi,
574 605 682 639 fusci.
736 604 859 639 Caules
890 608 900 638 l
925 625 939 631 -
960 608 984 639 2
1010 606 1096 649 poll.
1116 605 1228 648 longi.
1279 604 1384 639 Folia
1409 606 1494 640 laxe
1520 606 1650 640 imbri-

136 667 232 705 cata,
274 664 398 698 tenuia
428 665 569 699 cellulis
604 665 772 709 magnis,
806 665 1023 709 plerumque
1042 664 1227 699 levissime
1246 664 1500 707 emarginata,
1527 669 1653 700 tamen

135 723 314 757 nonnulla
341 724 515 759 inferiora
541 725 732 759 bidentata
761 728 797 758 et
822 724 928 768 apice
953 723 1147 768 irregulari
1174 724 1354 759 invenies.
1407 724 1655 759 Perianthium

135 782 322 826 duplicem
348 784 519 818 foliorum
546 784 814 828 longitudinem
842 783 1064 829 aequantia,
1098 784 1401 826 subtruncatum,
1437 783 1526 818 folia
1551 785 1650 819 invo-

135 841 283 876 lucralia
306 843 512 878 bidentata,

234 902 369 936 Differt
395 913 416 936 a
443 903 488 936 L.
516 902 629 936 tea-tili
653 906 796 937 statura
825 901 974 943 maiori,
1013 901 1181 936 foliorum
1208 901 1375 945 margine
1402 901 1559 945 gibboso
1592 903 1655 936 in-

135 960 269 996 feriore
295 962 504 1007 areolisque
530 962 734 997 maioribus
760 966 796 996 et
823 961 1098 1006 amphigastriis
1127 961 1237 995 altius
1263 960 1421 1005 partitis.

135 1053 172 1086 p.
202 1045 282 1077 166.
369 1047 416 1078 29
435 1043 470 1077 d.
510 1045 846 1088 Lophocolea
867 1043 1159 1090 polyc-lenda
1210 1041 1426 1086 Hook.jun.
1446 1045 1482 1076 et
1498 1041 1604 1085 Tayl.

233 1115 278 1149 L.
304 1114 400 1149 caule
425 1114 570 1160 implexo
590 1114 834 1161 procumbente
858 1113 1087 1160 subsimplim',
1109 1114 1214 1159 foliis
1245 1113 1437 1148 imbricatis
1455 1112 1656 1159 patentibus

134 1175 371 1209 semicordatis
395 1174 619 1209 obtusissimis
643 1174 875 1219 inteyerrimis
900 1175 1011 1208 amice
1034 1173 1259 1215 subc-arvatis,
1286 1173 1549 1219 amphiyastriis
1572 1171 1653 1206 libe-

134 1235 185 1269 ris
210 1248 226 1269 e
251 1234 322 1269 lata
348 1234 420 1269 basi
443 1235 642 1269 sea-ciliatz's.

326 1294 545 1337 Lophocolea
573 1294 751 1338 polyclada
794 1292 895 1338 Tayl.
926 1292 1012 1325 ZVov.
1038 1291 1130 1336 Hep.
1158 1291 1195 1324 ’ἱη
1221 1291 1330 1325 Loml.
1355 1290 1484 1326 Journ·
1518 1292 1563 1336 qf
1588 1292 1654 1326 bot.

416 1355 520 1387 1846.
539 1365 578 1398 p.
605 1355 688 1388 367.
715 1364 750 1386 η.
777 1356 812 1386 5.
864 1351 986 1385 Raoul
1008 1350 1122 1385 Flora
1148 1351 1237 1385 Nov.
1266 1350 1429 1385 Zeeland.
1448 1363 1487 1397 p.
1508 1353 1529 1385 8
1545 1358 1577 1385 et
1595 1354 1654 1386 36.

231 1411 391 1447 Habitat
419 1412 456 1445 in
485 1412 692 1446 Peninsula
720 1411 942 1446 Banksiana
978 1411 1109 1445 Novae
1137 1410 1384 1452 Hollandiae‚
1418 1414 1454 1444 et
1479 1410 1516 1444 in
1546 1411 1656 1446 Nova

136 1472 339 1507 Zeelandia
367 1472 421 1515 (n.
446 1474 505 1506 76.
534 1472 611 1506 Hb.
639 1472 738 1506 Mus.
768 1470 922 1514 Paris).

232 1531 428 1574 Caespites
464 1531 561 1572 laxi,
597 1530 843 1574 complanati‚
879 1528 994 1570 fusci,
1029 1528 1066 1562 in
1100 1533 1200 1563 statu
1237 1529 1336 1563 sicco
1362 1528 1482 1564 nitidi.
1534 1528 1657 1563 Caules

135 1595 159 1626 2
186 1611 201 1616 -
232 1593 254 1624 3
290 1590 442 1634 pollices
481 1590 600 1633 longi,
639 1589 887 1633 pauciramei,
928 1588 1034 1632 nigri.
1094 1588 1201 1622 Folia
1238 1592 1450 1622 antrorsum
1488 1591 1655 1629 curvata,

134 1650 470 1692 ovato-oblonga,
506 1649 603 1682 cauli
639 1649 718 1682 basi
745 1648 926 1682 latissima
954 1648 1104 1682 adnata.
1156 1648 1424 1693 Amphiyastria
1448 1646 1657 1681 maiuscula

135 1710 200 1744 sed
229 1720 302 1744 non
327 1708 548 1750 imbricata,
585 1719 653 1743 nec
680 1708 777 1742 foliis
805 1711 977 1749 connata,
1007 1707 1187 1751 adpressa
1211 1710 1302 1742 5-6
1326 1707 1420 1749 fida,
1455 1705 1656 1749 segmentis

133 1769 289 1813 integris
315 1769 557 1811 simplicibus.

230 1829 354 1873 Prope
383 1828 528 1863 accedit
559 1828 605 1861 ad
634 1828 677 1860 L.
699 1826 980 1873 planiuseulam‚
1016 1826 1080 1860 sed
1117 1826 1205 1860 folia
1237 1825 1406 1870 longiora
1432 1836 1500 1860 nec
1527 1835 1656 1860 versus

134 1887 277 1932 apicem
306 1888 585 1929 decrescentia,
622 1898 749 1930 margo
785 1887 947 1920 anterior
980 1890 1188 1919 antrorsum
1215 1889 1412 1927 curvatus,
1444 1888 1482 1919 et
1507 1884 1652 1928 amphi-

133 1947 274 1991 gastria
299 1947 497 1981 latitudine
524 1947 670 1981 caulem
696 1946 811 1980 multo
841 1945 1042 1979 excedunt.

132 2040 169 2074 p.
199 2032 280 2065 166.
387 2031 436 2063 29
449 2040 481 2063 e.
519 2029 848 2072 Lophocolea
873 2026 1241 2061 sabuletorum
1267 2025 1414 2069 Taylor.

228 2101 274 2136 L.
301 2100 396 2135 caule
421 2100 601 2146 caespitoso
627 2100 844 2134 adscendente
875 2110 1010 2132 ramoso
1043 2098 1138 2143 apice
1170 2108 1328 2137 recurw,
1351 2095 1458 2140 foliis
1492 2096 1655 2141 adproxi—

132 2160 238 2193 matz‘s
258 2158 459 2204 patentibus
484 2159 637 2192 secundis
662 2158 905 2204 subquadratis
932 2156 1164 2201 inteyerrimis
1188 2155 1282 2201 apice
1305 2154 1496 2196 subexcisis,
1521 2154 1653 2200 amplii-

129 2218 276 2262 9astriis
299 2218 443 2251 minutis
469 2217 666 2251 lanceolacis
690 2217 878 2263 bipartitis,
905 2216 1084 2260 seymentis
1109 2214 1277 2249 subulatz‘s
1300 2214 1463 2248 incurvis.

325 2279 594 2319 Jungermanuia
621 2278 857 2308 sabuletorum
888 2274 1018 2321 Taylor
1045 2274 1137 2320 Hep.
1164 2279 1314 2308 amaret.
1340 2274 1379 2306 in
1403 2272 1653 2308 Lond.Journ.

411 2334 456 2379 qf
474 2335 540 2369 bot.
569 2338 674 2369 1844.
695 2347 734 2380 p.
761 2337 844 2369 469.
871 2346 904 2368 η.
932 2337 991 2368 34.

231 2394 392 2428 Habitat
417 2394 455 2429 in
482 2394 620 2428 Insulis
648 2393 904 2427 Falklandicis
932 2392 1105 2437 (Hooker
1126 2390 1227 2435 jun.)

231 2454 404 2500 Caespz'tes
441 2453 592 2487 circiter
631 2453 724 2487 duos
760 2453 913 2497 pollices
951 2452 1037 2494 lati,
1074 2451 1213 2495 pallide
1252 2449 1359 2485 fusci.
1426 2450 1552 2485 Caules
1589 2450 1655 2485 vix

134 2516 156 2557 ὲ
182 2515 268 2558 poll.
296 2514 384 2555 alti,
411 2512 537 2555 erecti,
575 2512 694 2547 donec
719 2523 766 2546 ex
796 2522 908 2546 arena
934 2511 1106 2551 humida,
1139 2509 1175 2543 in
1203 2520 1278 2554 qua
1303 2512 1494 2551 crescunt,
1529 2520 1651 2544 emer-

135 2578 264 2616 gentes
298 2574 520 2607 recumbuut
552 2572 791 2615 evaduntque
828 2570 1090 2605 horizontales.
1158 2568 1340 2603 Foliorum
1376 2569 1512 2603 adsunt
1548 2569 1655 2613 paria

132 2635 158 2666 5
183 2651 199 2656 -
223 2634 259 2673 6,
293 2636 394 2666 statu
419 2632 572 2666 humido
597 2631 774 2666 secunda.
826 2631 936 2675 Apex
972 2629 1047 2664 folii
1083 2629 1300 2673 plerumque
1335 2628 1456 2662 obiter
1489 2628 1650 2671 emargi-

135 2695 245 2724 natus
272 2694 337 2724 aut
361 2691 550 2733 dentatus,
576 2690 695 2724 rarius
720 2690 964 2731 rotundatus3
990 2693 1140 2724 textura
1165 2690 1267 2730 laxa,
1293 2689 1436 2723 cellulis
1463 2689 1650 2733 amplissi-

136 2749 218 2783 mis.
268 2749 378 2793 Apex
405 2750 545 2784 surculi
572 2755 722 2793 propter
748 2749 836 2784 folia
863 2760 1006 2783 summa
1033 2759 1245 2793 compressa
1271 2752 1329 2782 est
1354 2746 1593 2791 adplanatus.

230 2807 389 2842 Minima
415 2809 571 2843 fortasse
596 2810 689 2843 haec
715 2812 774 2843 est
798 2809 1129 2853 Lophocolearum,
1161 2817 1281 2852 eaque
1307 2818 1328 2841 a
1353 2805 1504 2850 reliquis
1530 2805 1650 2839 omni-

135 2866 205 2901 bus
243 2867 363 2901 facilis
397 2867 575 2902 distinctu
612 2868 708 2903 foliis
742 2867 1083 2912 circumscriptione
1108 2863 1542 2911 rotundato-quadratis
1567 2864 1650 2908 api-

134 2937 252 2971 ceque
277 2926 353 2961 late
378 2937 447 2962 nec
471 2927 623 2963 omnino
648 2927 834 2972 profunde
861 2926 1113 2971 emarginatis.
1164 2926 1313 2972 (Taylor
1338 2926 1362 2961 1.
1389 2925 1440 2971 c.)
