1824 3252
177 167 250 201 672
787 162 810 196 J
814 160 1098 205 unger-mannia.

371 279 639 322 Jungermannia
667 286 867 318 turgescens
896 275 1001 322 Tayl.
1023 275 1117 321 Hep.
1144 282 1297 311 amaret.
1323 277 1363 310 in
1388 275 1502 310 Lond.
1522 275 1651 311 Joum.
1676 277 1722 323 of

457 325 834 417 ἴεὲιΙῗῗὸέ-ῗπέ.
859 335 895 358 n.
921 327 981 358 20.
1043 323 1187 359 Hooker
1214 323 1381 372 Cryptoy.
1408 331 1559 359 antarct.
1587 337 1629 372 p.
1653 328 1713 361 38.

274 433 437 469 Habitat
462 432 501 465 in
530 431 671 465 lnsulis
699 431 913 474 Auckland,
939 431 977 466 in
1006 435 1105 466 terra
1131 443 1247 476 prope
1275 442 1297 466 a
1323 431 1472 466 collium
1501 432 1620 477 apice.

275 492 474 537 Caespites
508 494 532 525 2
560 511 577 518 -
606 494 628 526 3
665 492 819 536 pollices
847 492 933 535 lati,
971 492 1110 536 pallide
1136 492 1262 525 flavo-
1280 490 1450 525 olivacei.
1503 491 1626 526 Caules
1649 491 1715 527 vix

176 552 392 597 pollicares‚
419 551 625 593 intertexti‚
656 552 759 586 vario
779 553 889 587 modo
910 553 1061 593 ramosi,
1087 551 1277 596 prostrati,
1305 550 1412 596 apice
1431 551 1717 588 adscendentes.

176 613 281 648 Folia
315 613 392 647 fere
425 611 659 652 remistanum,
699 612 868 656 margine
903 612 1037 647 leviter
1062 612 1239 653 incurva,
1280 612 1380 646 unde
1419 623 1585 647 concava
1611 613 1715 647 fiunt.

175 674 447 720 Amphiqastria
473 672 618 706 ratione
642 671 815 706 soliorum
844 683 983 716 parva,
1019 673 1126 716 apice
1155 671 1286 714 bifida,
1321 671 1487 706 incisura
1513 671 1716 712 levissima,

175 734 379 778 segmentis
406 731 614 767 subacutis.
658 731 765 765 Folia
798 731 835 765 in
869 732 978 766 caule
1006 732 1116 766 fertili
1151 742 1283 766 versus
1318 731 1554 766 involucrum
1582 731 1718 775 raptim

178 794 447 828 accrescentia.
500 790 605 825 Folia
631 790 862 826 involvor-alia
889 792 1056 827 omnium
1084 792 1268 827 latissima
1294 796 1331 825 et
1357 791 1607 832 erectissima,
1632 801 1713 824 am-

175 853 427 897 phigastriuui
466 851 697 885 involucrale
736 852 847 886 valde
886 852 1084 886 minutum.
1153 852 1407 886 Periantliium
1444 851 1641 885 terminale
1679 851 1718 886 in

177 914 293 958 stirpe
321 914 409 948 anni
438 911 703 956 praecedentis
731 922 750 945 e
779 911 861 950 basi
890 916 1051 955 angusta
1078 912 1498 956 oblongo-truncatum
1535 916 1573 945 et
1609 921 1712 945 com-

175 983 348 1018 pressum
389 977 475 1006 ante
515 971 661 1006 fructus
705 982 924 1015 egressum,
964 976 1098 1016 postea
1140 971 1646 1016 cylindrico-compressum
1682 975 1719 1006 et

175 1033 307 1069 leviter
335 1033 531 1067 incurvum
560 1033 610 1066 tit.

274 1093 381 1127 Obs.
431 1092 535 1125 Inter
561 1091 881 1134 ,lungermannias
908 1101 1126 1125 communes
1153 1090 1412 1134 integrisolias‚
1437 1089 1717 1135 amphigastriis

178 1154 299 1189 bifidis
320 1153 528 1199 praeditas,
558 1151 773 1195 periantlria
792 1151 1072 1194 subcylindrica
1100 1152 1158 1185 vel
1185 1157 1296 1185 ovata
1325 1151 1361 1185 in
1385 1151 1537 1194 Europa
1562 1155 1715 1194 septen-

174 1215 325 1249 trionali
362 1213 629 1254 inveniuntur;
666 1211 759 1246 haec
794 1211 940 1256 species
974 1212 1185 1256 perianthio
1228 1222 1443 1256 compresso
1471 1215 1510 1245 et
1544 1214 1718 1245 truncato

175 1285 266 1309 sane
294 1273 483 1308 notabilis.

174 1345 212 1379 p.
240 1337 298 1369 85.
402 1336 445 1366 19
472 1333 494 1366 l.
533 1331 976 1377 Junqermannstv
1001 1331 1221 1366 lumnilis
1249 1330 1467 1374 Hook.jun.
1483 1334 1520 1364 et
1532 1330 1638 1374 Tayl.

271 1395 310 1428 J.
338 1393 434 1427 caule
461 1393 606 1438 implexo
626 1391 869 1437 procumbente
893 1402 1040 1431 ramoso,
1056 1391 1164 1438 foliis
1188 1390 1445 1425 subimbricatc's
1468 1395 1718 1435 erecto-paten—

176 1452 268 1487 tibus
300 1453 518 1500 subsecundjs
553 1452 753 1485 rotundatis
788 1452 944 1485 concavis
980 1452 1233 1496 inteyerrimis,
1281 1450 1542 1496 ampltz'yastriis
1572 1449 1718 1483 minutis

175 1513 505 1547 rotundato-oratis
531 1510 647 1556 bifidis
674 1512 854 1555 seymeutis
881 1518 977 1545 extus
1001 1511 1286 1552 subunidentacis,
1300 1510 1434 1555 fructu
1462 1535 1469 1543 .
1497 1535 1505 1542 .
1535 1534 1542 1542 .

369 1574 639 1614 Jungvrrnnnnia
680 1573 819 1604 humilis
858 1571 962 1617 Tayl.
991 1571 1083 1618 Hep.
1111 1577 1262 1606 antarct.
1297 1571 1336 1603 in
1369 1570 1480 1603 Laud.
1511 1567 1641 1602 Journ.
1680 1568 1726 1614 of

457 1619 524 1654 bot.
561 1623 659 1654 1844.
682 1632 721 1665 p.
749 1623 832 1654 468.
859 1632 895 1654 η.
921 1622 980 1654 30.

274 1680 437 1714 Habitat
463 1680 500 1713 in
531 1679 661 1714 Insula
684 1678 900 1723 Kerguelen
928 1678 1102 1721 (Hooker
1123 1678 1234 1722 jun.).

271 1737 470 1785 C'aespites
509 1740 607 1782 laxi,
652 1740 822 1774 olivacei.
888 1739 1027 1773 Caules
1068 1739 1144 1773 fere
1190 1738 1409 1783 pollicares,
1462 1725 1716 1780 irregulariter

173 1802 325 1836 ramosi.
380 1801 486 1835 Folia
513 1802 600 1834 laxe
627 1800 838 1839 imbricata,
868 1799 1021 1833 minime
1046 1798 1299 1840 decurrentia,
1326 1796 1496 1842 patentia
1524 1802 1560 1831 et
1582 1797 1713 1831 homo-

173 1861 300 1895 malla.
352 1862 625 1907 szphiyaseria
652 1860 727 1895 sere
746 1860 865 1894 caulis
885 1859 1108 1902 latitudinis,
1135 1859 1265 1894 leviter
1285 1858 1533 1902 emarginata,
1560 1864 1716 1891 externe

173 1920 345 1964 margine
372 1922 561 1955 denticulo
589 1924 712 1954 aucta.

272 1981 433 2015 Accedit
460 1982 505 2014 ad
522 1981 914 2024 J11719.tur9escentem‚
942 1984 1069 2013 tamen
1098 1983 1245 2013 statura
1272 1978 1426 2019 minore,
1453 1976 1577 2010 colore
1598 1975 1717 2019 magis

178 2041 368 2082 ofivaceo,
407 2039 686 2084 amplrigastriis
721 2044 880 2083 utroque
915 2040 1033 2073 latere
1069 2039 1325 2080 unidentafis,
1365 2037 1464 2072 foliis
1500 2036 1716 2082 patentibus

175 2101 260 2135 basi
287 2112 360 2135 non
388 2100 676 2134 decurrentibus
704 2109 908 2145 eorumque
934 2098 1077 2133 cellulis
1102 2099 1309 2133 maioribus
1337 2097 1471 2131 differt.

176 2184 213 2217 p.
241 2176 299 2208 85.
398 2176 446 2207 20
466 2173 501 2207 b.
542 2172 982 2219 &meyer-mannia
1004 2173 1192 2206 rotata
1221 2170 1344 2205 Hook.
1359 2170 1442 2214 jun.
1461 2174 1498 2203 et
1511 2169 1617 2212 Tayl.

273 2233 313 2267 J.
340 2233 436 2267 caule
462 2232 607 2279 implexo
627 2233 870 2279 procumbente
895 2244 1036 2266 recurvo
1063 2243 1216 2272 ramoso,
1249 2232 1359 2264 ramis
1377 2229 1714 2276 patenti-recurvis,

165 2291 272 2337 soliis
307 2292 501 2327 imbricatis
535 2300 642 2327 erecto
654 2294 874 2340 —patenlibus
907 2292 1061 2326 secundis
1092 2291 1292 2325 rotundatis
1326 2288 1596 2324 concaviusculis
1627 2289 1717 2322 inte-

174 2355 341 2399 9errimis
366 2355 524 2399 maryine
550 2355 721 2388 anteriore
744 2353 1016 2393 subcloenrreote,
1029 2350 1162 2396 fructu
1190 2378 1197 2385 .

375 2417 646 2457 [iunget-mannia
675 2425 784 2447 rotata
814 2413 918 2461 Tayl.
946 2413 1040 2458 Hep.
1068 2412 1187 2446 Novae
1210 2411 1416 2446 Zeelandiae
1441 2417 1502 2445 etc.
1532 2411 1573 2443 ‘in
1598 2409 1715 2444 Lond.

459 2462 589 2496 Journ.
615 2462 660 2508 of
680 2463 745 2497 bot.
777 2466 880 2497 1844.
903 2474 942 2508 p.
969 2465 1053 2495 560.
1079 2464 1152 2495 π.8.

278 2521 439 2556 Habitat
465 2522 501 2556 in
532 2522 642 2557 Nova
671 2522 877 2557 Zcelandia
905 2521 1079 2565 (Hooker
1099 2521 1213 2565 jons).

279 2581 476 2626 Caespites
502 2582 579 2616 laxi
608 2584 807 2617 nonnullos
827 2582 982 2626 pollices
1006 2581 1188 2614 diametro
1214 2578 1430 2618 metientem
1457 2582 1584 2621 partes
1604 2580 1715 2612 vetu-

184 2640 319 2675 stiores
347 2642 600 2684 nigricantes‚
629 2643 856 2677 recentiores
884 2647 1011 2686 partes
1037 2641 1242 2675 olivaceae.
1293 2637 1431 2671 Cautes
1457 2637 1718 2682 tripollicares,

181 2700 438 2744 irregulariter
474 2707 512 2736 et
551 2703 798 2744 multiramei‚
842 2702 956 2736 ramis
996 2711 1110 2744 saepe
1150 2696 1428 2733 retrocurvatis.
1491 2696 1599 2731 Folia
1637 2696 1718 2731 basi

181 2762 349 2806 obliqua,
378 2763 454 2796 fere
482 2763 658 2804 rotunda,
686 2763 918 2806 marginibus
944 2772 1019 2796 non
1047 2758 1276 2798 incrassatis,
1304 2756 1438 2791 areolis
1463 2757 1602 2792 densis.

279 2822 439 2856 Accedit
463 2823 634 2867 proxime
661 2823 707 2856 ad
726 2822 836 2867 Junq.
854 2821 1058 2862 Schrader-i,
1088 2831 1109 2854 a
1135 2830 1209 2864 qua
1236 2823 1380 2852 statura
1406 2816 1560 2859 maiore,
1587 2815 1718 2851 habitu

183 2881 390 2916 ramosiore
425 2886 461 2917 et
497 2883 670 2917 soliorum
706 2882 851 2916 cellulis
877 2880 1117 2915 densioribus
1137 2880 1273 2914 differt.
1327 2877 1630 2913 Fructificatione
1654 2876 1718 2911 in-

183 2942 347 2985 cognita,
376 2941 486 2976 huius
513 2942 654 2987 speciei
681 2941 945 2978 determinatio
970 2952 1044 2976 non
1072 2944 1231 2975 constat.
