1824 3252
598 179 808 221 Targionia.
860 177 1121 221 Cyatliodium.
1552 181 1621 212 577

110 303 260 327 nervum
287 294 361 326 sere
389 303 463 326 non
491 292 715 326 excedentes
743 292 930 332 minutae,
958 291 1224 334 triangulareS‚
1262 300 1390 323 versus
1418 290 1560 333 apicem
1588 297 1624 323 et

109 353 143 385 in
181 352 337 386 novellis
364 363 386 385 a
414 362 525 384 nervo
552 351 758 391 distantes,
795 350 1012 394 ceteroquin
1043 350 1265 392 adpressae,
1307 349 1494 389 alternae,
1525 354 1623 382 totae

111 413 244 446 rubrae
272 413 327 445 vel
357 409 463 454 apice
491 416 634 444 tantum
663 419 887 454 purpureae,
919 409 1142 443 tridentatue
1169 408 1278 441 dente
1306 407 1428 441 medio
1449 408 1624 448 maximo,

110 471 266 505 maiores
299 480 475 514 perosae,
518 481 538 502 a
579 469 745 511 margine
783 469 920 512 ubique
960 467 1174 510 longissime
1214 466 1408 500 distantes.
1469 467 1626 510 Propter

109 540 236 563 eorum
273 529 516 572 exiguitatem
556 527 853 570 Lindenbergius
896 527 963 560 has
1002 536 1179 571 squamas
1221 525 1257 558 in
1288 525 1523 568 expositione
1558 536 1625 558 sua

111 589 251 630 (Lehm.
282 588 374 630 Pug.
397 588 466 620 lv.
494 599 528 630 p.
554 589 619 630 27)
648 586 902 630 praetervidit.
953 584 1177 619 [molucrum
1203 584 1323 623 ovate,
1349 585 1507 622 bivalve.
1534 596 1623 628 pur-

109 658 332 690 purascens,
370 647 509 679 frondis
538 646 772 679 latitudinem
800 656 873 679 non
904 655 1081 689 aequans.
1133 642 1284 689 Capsula
1311 643 1348 676 in
1376 643 1490 676 fundo
1518 643 1623 676 invo-

110 705 202 737 lucri
239 704 468 746 subsessilis,
509 706 687 748 globosa,
715 705 811 748 stylo
837 715 952 738 curvo
980 707 1167 738 coronata.
1222 702 1409 736 Ulteriora
1436 714 1508 736 non
1536 703 1625 738 visa.

110 762 342 807 (Gottsche.)

331 856 519 897 LXIII.
552 855 734 907 (XIV.)
777 855 1196 912 Cyathodium
1228 855 1400 896 Kunze.

112 937 157 970 L.
187 945 219 971 et
247 937 314 981 Ly.
340 938 378 970 in
406 936 524 969 Lehm.
555 936 648 979 ΡΨ).
670 935 723 981 pl.
752 936 821 969 Vl.
845 948 881 981 p.
912 938 966 969 17.
1017 936 1207 969 Emllz'clcer
1235 936 1321 969 Gen.
1341 949 1380 982 p.
1404 940 1463 971 44.
1490 950 1523 971 n.
1544 941 1626 972 462.

109 996 214 1040 (ea-cl.
239 1009 313 1042 syn.
342 994 530 1041 Cat-pabulo
555 994 805 1040 Scltweinz'tz.)
864 994 980 1029 Mont.
1008 995 1044 1027 ἱη
1071 994 1212 1028 Rumon
1245 997 1286 1029 de
1323 995 1357 1028 la
1383 996 1500 1040 Sayra
1528 997 1626 1031 Hist.

105 1055 205 1101 phys.
226 1055 298 1100 pol.
324 1062 357 1088 et
381 1061 455 1089 nat.
483 1055 522 1087 de
550 1054 658 1088 Gaba.
686 1054 807 1099 Crypt.
829 1066 866 1098 p.
882 1056 965 1087 491.
992 1060 1017 1087 t.
1048 1057 1101 1087 19.
1118 1054 1156 1098 f.
1174 1057 1209 1088 4.
1236 1054 1346 1096 (Ieon
1365 1055 1627 1100 Gonu-henna).

113 1114 273 1148 Gottsclze
300 1113 396 1147 Icon.
423 1114 515 1158 Hep.
544 1113 662 1147 incdit.

209 1185 447 1218 Involucrum
474 1195 522 1217 ex
550 1184 656 1227 apice
684 1183 802 1217 infero
828 1183 969 1217 frondis
995 1183 1224 1226 prominens,
1251 1183 1627 1227 dimidiato-cyathi·-

112 1244 249 1286 sorrne,
283 1243 523 1278 transversim
552 1244 783 1277 bilabiatum.
835 1242 1002 1285 Capsula
1029 1242 1223 1283 immersa,
1263 1243 1425 1282 sessilis,
1460 1243 1628 1285 globosa,

110 1303 346 1338 sexdentata.
398 1303 550 1336 Semina
588 1302 791 1336 elateribus
834 1301 964 1334 mixta.
1017 1300 1186 1335 Elateres
1222 1302 1439 1341 cancellati,
1472 1302 1573 1334 libris
1607 1305 1629 1335 2

110 1362 398 1396 decussantibus
424 1361 574 1395 innatis.
615 1361 782 1395 Frondes
808 1364 940 1393 tenues
967 1369 1140 1393 venosae.
1179 1359 1270 1393 Vita
1293 1361 1329 1394 in
1350 1361 1465 1394 antris
1483 1361 1628 1404 rupium

113 1421 193 1456 luce
219 1421 447 1455 carentibus.
499 1421 655 1464 Species
684 1430 769 1460 una,
798 1419 994 1453 Cubensis.

378 1505 407 1535 l.
461 1499 810 1546 Gyathoclium
836 1508 1185 1535 cavernarum
1212 1500 1358 1534 Kunze.

301 1574 345 1607 L.
371 1581 403 1606 et
429 1574 494 1617 Ly.
523 1572 545 1606 l.
573 1585 600 1605 c.
620 1585 658 1618 p.
690 1575 742 1606 18.
794 1572 985 1616 Illontayne
1010 1570 1034 1605 l.
1061 1583 1089 1604 c,
1143 1571 1302 1604 Gottselze
1328 1572 1351 1605 l.
1377 1585 1404 1606 c.

207 1643 365 1677 Habitat
391 1644 429 1676 in
460 1644 630 1676 cavernis
658 1642 909 1676 subterraneis
935 1642 1033 1676 omni
1062 1642 1149 1676 solis
1176 1643 1258 1675 luce
1283 1643 1470 1676 destitutis
1497 1644 1630 1677 montis

109 1702 268 1735 calcarei
304 1712 434 1735 versus
468 1701 659 1734 meridiem
697 1701 894 1735 a.Caol›as
921 1701 1065 1734 insulae
1094 1701 1246 1742 Cubae,
1279 1702 1417 1735 fissuris
1452 1713 1628 1736 saxorum

110 1762 269 1796 humidis
296 1762 514 1795 adhaerens.

205 1832 370 1866 Frondes
389 1832 634 1875 caespitosae‚
664 1832 734 1866 sibi
761 1832 1034 1874 incumbentes,
1062 1832 1404 1872 tri-sex-lineares,
1431 1831 1627 1873 obovatae,

109 1890 317 1924 dichotome
343 1891 506 1932 divisae,
533 1891 628 1925 lobis
655 1892 880 1931 rotundatis,
909 1891 1151 1934 emarginatis
1178 1892 1234 1925 vel
1262 1893 1298 1924 in
1326 1890 1469 1924 lobulos
1497 1891 1628 1925 breves

108 1950 262 1983 obtusos
287 1949 437 1991 incisis,
470 1951 715 1992 tenerrimae,
751 1951 946 1994 pallentes,
981 1950 1204 1994 diaphanae,
1238 1952 1323 1985 laxe
1346 1950 1564 1984 reticulatae
1590 1954 1628 1983 et

106 2019 478 2051 venoso-nervosae,
505 2010 652 2053 planae,
678 2009 844 2052 margine
871 2009 1121 2051 integerrimo,
1148 2011 1280 2043 subtus
1306 2009 1482 2043 radiculis
1509 2008 1628 2051 longis

108 2068 244 2101 albidis
282 2073 403 2101 terrae
438 2068 697 2104 adhaerentes.
756 2069 914 2102 Fructus
955 2080 974 2102 e
1017 2070 1224 2103 lobulorum
1263 2071 1346 2102 sinu
1388 2069 1627 2112 prodeuntes.

107 2126 332 2161 Involucrum
357 2128 616 2171 cyathiforme‚
644 2134 854 2169 exsertum,
882 2127 1121 2168 bilabiatum,
1154 2128 1263 2161 labiis
1292 2127 1500 2162 rotundatis
1524 2137 1623 2160 mar-

108 2186 257 2229 ginatis,
284 2186 417 2220 erectis
432 2188 487 2220 vel
508 2188 738 2231 aliquantum
758 2188 919 2228 reflexis,
948 2198 1225 2231 nionocarpum.
1271 2185 1423 2232 Capsula
1448 2186 1486 2219 in
1511 2186 1627 2220 fundo

108 2244 289 2277 involucri
327 2246 490 2287 sessilis,
523 2247 699 2288 globosa,
735 2247 884 2280 demum
912 2248 1018 2290 apice
1054 2248 1089 2280 in
1118 2247 1248 2280 dentes
1282 2246 1516 2289 (plerumque
1541 2249 1624 2290 sex)

109 2302 304 2337 dehiscens
330 2311 493 2346 erectos,
530 2306 749 2348 tenerrima,
786 2307 1057 2340 semicolorata.
1117 2307 1258 2339 Dentes
1294 2306 1431 2347 crassi,
1467 2306 1625 2340 obscure

109 2362 223 2402 fusci,
258 2363 359 2396 fibris
391 2364 731 2398 semicircularibus
763 2370 975 2399 transverse
1009 2366 1141 2399 striati.
1202 2364 1353 2399 Semina
1386 2364 1623 2404 atro-fusca,

109 2421 278 2464 globosa,
306 2422 490 2458 echinata.
542 2424 713 2458 Elateres
740 2424 869 2467 pauci,
897 2425 1018 2468 longi,
1047 2425 1216 2465 flexuosi,
1244 2421 1427 2465 tubulosi,
1453 2422 1625 2466 utrinque

109 2481 304 2524 attenuati,
332 2482 474 2526 dispiri.
