1824 3252
166 196 237 229 390
381 207 383 209 ·
827 186 1021 231 Lejeunia.

167 306 300 353 bifidis,
322 306 452 352 fructu
482 306 520 338 in
551 304 661 337 ramis
693 299 847 335 brevibus
879 299 1059 334 terminali
1090 298 1144 334 vel
1169 299 1207 333 in
1231 298 1448 333 ramulorum
1474 299 1546 334 basi
1568 299 1686 341 senili,

158 366 262 411 foliis
300 362 567 400 involucralibus
603 359 836 406 conformibus
870 359 1115 405 planfflsculis,
1149 359 1350 405 periantllio
1386 370 1513 393 emerso
1549 358 1688 393 olm-ato

168 437 352 470 cmnpresso
382 423 481 457 dorso
505 422 619 455 obtuse
642 421 801 454 carinato
825 426 943 453 ventre
974 430 1115 452 convexo
1140 419 1188 452 ad
1210 418 1339 464 apicem
1364 424 1460 452 acute
1485 419 1687 454 biearinaw.

170 482 329 517 Gottsche
355 482 449 515 Icon.
478 480 620 526 quezm.
650 479 706 513 11.
728 478 857 525 24.ffi
889 481 981 512 1-3.

356 540 624 582 Jungermannia
653 540 818 571 cucullata
846 538 893 571 N.
909 537 950 571 ab
966 537 1005 571 E
1039 536 1169 570 Enum.
1191 536 1244 582 pl.
1270 536 1505 583 crypt.Javae
1528 537 1630 571 Fasc.
1654 537 1689 571 1.

438 610 475 643 p.
502 600 560 631 57.
586 596 696 640 (escol.
721 609 794 631 var.
821 604 846 633 ’γ
872 597 1004 642 tenui).
1051 595 1167 630 Mont.
1186 595 1309 642 Crypt.
1333 594 1476 641 Neelylz.
1499 596 1538 630 in
1556 595 1690 629 Απηιιί.

443 657 498 690 des
522 668 566 690 sc.
592 663 665 690 nat.
698 659 799 691 1842.
821 668 860 702 p.
890 659 944 690 17.
969 668 1004 689 n.
1032 658 1090 690 88.

247 731 281 757 αι,
316 716 444 757 maior,
492 717 586 748 caule
630 716 782 748 filisormi
819 716 1026 760 subpinuato
1064 715 1311 758 semipollicari
1346 723 1378 746 et
1413 715 1560 754 maiori,
1602 714 1692 746 foliis

314 776 558 820 adproximatis
597 787 697 819 saepe
737 776 906 817 contiguis
948 774 1068 806 lobulo
1112 785 1174 805 suo
1213 774 1267 805 vix
1307 772 1454 806 dimidio
1500 774 1693 807 maioribus

314 835 515 875 rotundatis,
541 835 660 866 lobulo
687 835 728 867 ad
755 835 870 866 sinum
896 833 1108 866 unidentam.

448 894 497 927 N.
524 893 566 927 ab
592 893 641 927 E.
668 893 799 927 Enum.
822 892 875 939 pl.
901 899 1012 940 crypt.
1038 892 1120 926 Jav.
1148 891 1253 925 Fase.
1282 891 1312 925 I.
1335 903 1374 937 p.
1399 894 1460 926 57.

447 955 719 995 ,Tunger-mannia
757 954 923 985 cutiullata
959 952 1007 986 N.
1034 951 1077 985 db
1104 951 1150 985 Ε.
1175 952 1268 997 Hel).
1297 951 1380 985 Jav.
1400 963 1440 997 p.
1466 953 1549 986 227.
1576 965 1610 986 η.
1636 955 1694 986 41.

508 1011 592 1057 8]η·.
620 1011 713 1058 Syst.
746 1011 826 1056 Veq.
854 1010 923 1045 IV.
954 1014 983 1044 l.
1004 1023 1043 1056 p.
1069 1013 1153 1045 226.
1179 1022 1214 1044 n.
1244 1012 1324 1044 117.

254 1072 288 1114 β,
322 1072 440 1115 emilis,
469 1073 669 1110 tenerrima,
705 1071 799 1103 nudo
835 1072 936 1102 oculo
970 1072 1025 1102 vix
1057 1070 1295 1114 percipienda,
1331 1071 1420 1101 soliis
1446 1071 1698 1110 remotissimis,

317 1135 443 1166 lobulis
485 1133 650 1164 soliorum
689 1131 720 1173 (i
757 1142 786 1162 e.
822 1131 905 1162 folio
939 1129 1151 1172 lobuloque)
1195 1129 1460 1172 subaequalibus
1498 1129 1698 1169 rotundatis,

320 1193 504 1224 interiectis
543 1192 623 1223 hinc
664 1190 742 1222 inde
777 1191 864 1222 inter
903 1190 983 1221 folia
1016 1190 1147 1220 maiora
1188 1189 1260 1220 aliis
1296 1189 1489 1220 minoribus
1523 1188 1699 1226 subulatis,

322 1252 429 1283 modo
464 1263 544 1282 eum
579 1250 702 1282 iisdem
730 1249 994 1289 alternantibus,
1028 1248 1136 1281 modo
1163 1248 1253 1280 binis
1278 1249 1478 1293 pluribusve
1505 1249 1547 1281 ab
1576 1248 1700 1281 eodem

320 1313 424 1343 latere
451 1310 573 1342 ordine
599 1309 921 1351 suo-sequentibus.

456 1369 504 1402 N.
532 1367 574 1401 ab
603 1368 649 1401 E.
676 1367 805 1400 Enum.
827 1366 879 1413 pl.
907 1379 956 1402 cr.
982 1367 1064 1400 Jav.
1092 1367 1194 1405 Fase.
1223 1366 1254 1400 I.
1276 1378 1315 1412 p.
1341 1369 1400 1400 57.

454 1429 724 1470 Jungermannia
760 1428 854 1458 exilis
898 1427 946 1460 N.
979 1426 1021 1460 ab
1047 1426 1093 1461 E.
1129 1427 1221 1472 Hep.
1257 1425 1340 1459 Jav.
1370 1438 1409 1471 p.
1444 1429 1528 1461 227.
1574 1440 1608 1461 η.
1642 1430 1701 1461 40.

519 1486 604 1533 Spr.
631 1486 670 1520 S.
703 1486 781 1530 Vey.
810 1485 879 1519 IV.
909 1488 940 1520 1.
961 1488 1111 1532 p.·226.
1137 1498 1173 1521 n.
1206 1487 1285 1519 116.

248 1558 286 1587 γ,
317 1547 496 1593 parasita,
524 1549 618 1579 caule
645 1548 769 1590 pusillo
796 1547 1003 1590 subpinuato
1031 1554 1170 1590 repente
1196 1546 1420 1590 para-simum,
1448 1545 1538 1577 foliis
1564 1546 1703 1578 alternis

324 1607 539 1640 verticalibus
583 1606 736 1638 obovatis
776 1605 849 1637 basi
886 1605 1056 1649 producta
1095 1606 1262 1638 cucullata
1299 1606 1412 1637 inflata
1450 1605 1537 1636 laevi
1573 1605 1649 1636 sinu
1686 1617 1704 1636 a

321 1667 438 1697 lobulo
475 1675 630 1698 truncato
667 1666 833 1705 discreta,
879 1665 1129 1709 amphigastriis
1168 1664 1293 1696 dissitis
1327 1664 1451 1708 patulis
1485 1663 1704 1696 subrotuudis

326 1725 450 1764 bifidis,
476 1726 586 1757 fructu
614 1747 623 1756 .
651 1748 659 1756 .
685 1748 693 1756 .
1510 1749 1514 1752 .

459 1784 623 1824 Lejeuuia
657 1785 822 1816 cucullata
857 1787 876 1822 δ
907 1784 1052 1827 parasita
1089 1782 1135 1816 G.
1169 1782 1213 1816 L.
1240 1788 1273 1815 et
1300 1781 1347 1815 N.
1382 1781 1474 1828 HQ).
1509 1781 1636 1828 Meyen
1669 1781 1707 1815 in

515 1843 603 1877 Nov.
632 1843 714 1877 Act.
742 1843 808 1876 Ac.
837 1843 886 1876 N.
915 1842 1001 1876 Cur.
1029 1842 1147 1876 XIX.
1175 1841 1298 1888 Suppl.
1330 1844 1359 1876 l.
1380 1854 1419 1887 p.
1445 1843 1529 1875 473.

281 1915 441 1948 Habitat
474 1914 569 1947 inter
603 1924 751 1949 muscos
778 1913 938 1948 maiores
964 1913 1354 1957 Jungermanniasque
1380 1916 1457 1946 tum
1485 1915 1521 1946 et
1547 1911 1584 1946 in
1611 1911 1707 1946 foliis

184 1974 395 2018 plantarum
421 1973 542 2007 Javae
575 1973 720 2006 insulae
753 1976 790 2006 et
824 1972 995 2007 Guianae
1033 1972 1180 2005 Galliae
1222 1964 1269 2015 (β
1304 1971 1382 2004 Hb.
1409 1971 1464 2005 M.
1501 1982 1537 2006 n.
1565 1973 1636 2005 280
1672 1976 1708 2005 et

185 2033 293 2075 296);
321 2032 356 2065 in
386 2032 574 2066 montibus
597 2031 858 2075 Neelgherries
883 2031 1105 2076 peninsulae
1128 2029 1261 2065 Indiae
1288 2029 1480 2065 orientalis
1502 2029 1708 2075 (Perrottet

185 2093 222 2127 in
252 2093 327 2127 Hb.
357 2092 410 2126 M.
438 2096 474 2126 et
503 2091 581 2136 N.).

282 2150 373 2185 Var.
408 2158 434 2187 ’γ
472 2150 507 2184 in
542 2150 735 2185 Frullania
769 2150 953 2197 hypoleuca
993 2150 1102 2184 Oahu
1135 2149 1298 2192 insulae,
1343 2149 1484 2194 absque
1526 2149 1708 2185 fructibus

188 2211 353 2256 Meyeu).
570 2204 574 2208 ⁴

282 2270 374 2304 var.
409 2282 434 2311 γ
469 2282 487 2305 a
524 2270 768 2305 varietatibus
803 2282 825 2302 α
859 2272 896 2302 et
929 2268 951 2307 β
985 2278 1056 2302 non
1091 2267 1201 2302 modo
1235 2270 1378 2301 statura
1404 2265 1545 2303 minore
1572 2268 1708 2312 differt,

187 2330 252 2364 sed
280 2331 392 2365 etiam
419 2331 695 2375 amphigastriis
721 2330 925 2365 maioribus
953 2328 1232 2373 angustiorique
1258 2327 1422 2361 incisura
1449 2325 1588 2361 divisis.

282 2403 376 2437 Tota
403 2402 572 2447 plantula
589 2402 728 2446 pallide
749 2402 915 2436 albicans
935 2404 1000 2435 aut
1017 2399 1189 2441 viridula,
1216 2399 1387 2443 rigidula.
1439 2398 1545 2433 Folia
1573 2398 1710 2442 angulo

187 2465 261 2497 450
292 2463 443 2507 patula,
477 2466 583 2506 parte
619 2461 800 2506 superiori
837 2460 1039 2496 lobularem
1066 2464 1210 2505 partem
1245 2458 1308 2492 vix
1343 2457 1457 2501 duplo
1492 2460 1708 2500 superante,

189 2523 302 2566 plana
328 2523 491 2558 obovata
518 2521 716 2555 rotundata
743 2520 982 2563 integerrima
1011 2520 1097 2554 laxe
1124 2518 1320 2553 reticulata
1352 2517 1390 2551 in
1418 2526 1568 2550 saccum
1595 2516 1707 2550 obtu-

190 2592 270 2615 sum
299 2582 465 2625 margine
484 2581 634 2625 oblique
653 2584 865 2614 truncatum
885 2580 1032 2625 levique
1050 2579 1133 2614 sinu
1154 2577 1358 2612 discretum
1382 2576 1462 2611 basi
1480 2579 1710 2612 transeunte.

544 2683 621 2715 199.
671 2680 933 2726 LeJeunia
956 2680 1134 2715 tenuis
1161 2677 1209 2712 N.
1238 2677 1285 2711 ab
1312 2677 1355 2710 E.

287 2752 332 2785 L.
357 2752 453 2786 caule
468 2752 597 2799 pusillo
610 2751 786 2797 filfformi
809 2752 1015 2797 subpimzato
1039 2756 1176 2796 repente
1195 2749 1426 2795 parasitante‚
1444 2746 1550 2793 soliis
1575 2747 1709 2782 distan-

193 2811 283 2845 tibus
306 2812 533 2847 erectiuseulis
557 2811 689 2858 oblique
713 2809 1032 2846 ovato-lanceolatis
1055 2808 1295 2854 sulgf'alcatisve
1319 2808 1415 2854 apice
1440 2806 1636 2852 subinflexis
1659 2805 1714 2840 vel

192 2870 343 2915 oblonyis
375 2872 581 2906 acuminatis
611 2871 843 2917 inteyerrz'mis
875 2876 907 2904 et
937 2870 1094 2914 maryine
1125 2867 1350 2912 subrepamlis
1381 2867 1435 2902 vel
1464 2866 1597 2902 cellulis
1625 2878 1711 2913 pro-

193 2930 398 2965 munientibus
421 2932 623 2974 muricatis,
657 2930 767 2966 {obulo
791 2930 987 2976 unqu-§tiore
1011 2929 1048 2963 in
1062 2928 1152 2975 folii
1175 2921 1366 2975 maoyinein
1391 2932 1610 2969 trametmte,
1635 2937 1711 2959 am-
