1824 3252
759 205 962 240 Frullania.
1551 212 1623 244 435

200 321 360 355 Habitat
384 321 422 355 in
449 319 633 354 Amboina
658 319 782 354 insula
815 319 888 363 (La
918 316 1139 352 Billardiere
1166 316 1202 351 in
1231 316 1306 351 Hb.
1327 318 1453 355 Webb
1475 325 1512 355 et
1539 322 1624 367 M.).

199 381 379 416 Proxima
404 379 602 414 Frullaniis
625 379 898 426 iuceyristipulae
923 382 959 412 et
984 377 1161 412 uoclulosae
1186 377 1208 411 J
1214 377 1397 420 avanicis,
1430 380 1552 416 differt
1578 384 1625 417 ab

106 445 285 487 utraque:
327 439 426 474 foliis
453 438 573 473 ovatis
599 437 684 483 (nec
710 437 943 481 orbiculatis)
971 448 1084 481 saepe
1111 438 1399 480 mucronulatis,
1433 440 1562 485 (saepe
1589 447 1627 477 et

105 501 286 546 obtusis),
331 497 608 542 amphigastriis
648 497 866 542 praesertim
920 496 1018 530 haud
1066 496 1335 540 integerrimis,
1377 498 1444 532 sed
1482 499 1627 543 apicem

106 570 237 594 versus
272 558 448 603 repandis
484 557 813 601 subdentatisque,
865 556 971 601 apice
1005 556 1173 590 nonnihil
1209 556 1343 591 retusis
1380 561 1415 591 et
1449 559 1496 592 ad
1529 560 1627 594 latus

106 618 209 652 sinus
237 617 411 653 levissimi
440 615 627 650 denticulo
654 627 769 660 parvo
797 621 905 650 acuto
932 615 1134 659 praeditis,
1175 615 1254 648 basi
1291 615 1403 659 paulo
1431 618 1625 660 angustio.

107 677 210 712 ribus
236 688 348 722 quam
374 676 480 720 apice
508 686 574 709 nec
602 674 882 710 decurrentibus
923 674 987 708 sed
1022 674 1060 708 in
1098 674 1263 708 lobulum
1290 673 1466 717 exiguum
1503 677 1625 711 denti-

108 736 338 771 culiformem
364 734 636 769 desinentibus.

204 793 311 827 Plica
338 793 496 828 dorsalis
523 792 778 836 amphigastrii
807 792 928 827 media
955 793 1089 826 obtusa
1120 792 1264 826 caulem
1290 792 1432 836 recipit.

205 852 355 886 Ramuli
381 853 537 886 masculi
566 855 581 885 l
603 872 618 878 -
642 854 687 892 1ss
714 852 775 886 lin.
803 851 922 894 longi,
948 852 1141 893 laterales,
1169 852 1317 891 ovales,
1344 851 1488 893 obtusi,
1515 852 1630 886 dense

107 911 329 945 imbricatim
347 911 434 945 tecti
456 910 552 945 foliis
577 910 872 954 perigenialibus
891 910 1025 944 bilobis
1051 910 1196 944 obtusis
1224 910 1454 953 complicatis
1482 911 1626 955 amphi-

108 969 329 1015 gastriisque
355 970 476 1004 ovatis
497 969 752 1003 subtruncatis
776 969 934 1012 sparsim
953 969 1270 1003 ciliato-dentatis
1289 970 1375 1003 folio
1397 969 1628 1014 aequalibus.

497 1066 549 1086 '¹⁴³³‘
600 1066 775 1099 Auriculis
805 1068 927 1099 erectis
956 1067 1043 1097 cauli
1069 1068 1252 1109 parallelis.

353 1141 413 1172 55.
463 1138 753 1172 Frullccm‘a
781 1136 1176 1172 Gaudio-handu
1203 1136 1249 1171 N.
1277 1141 1314 1170 et
1340 1137 1392 1170 M.

204 1208 270 1241 Fr.
298 1214 489 1254 tetraqyna,
515 1208 610 1242 caule
628 1207 870 1254 procumbente
887 1208 1066 1252 piunatz‘m
1092 1219 1224 1240 ramoso
1247 1206 1411 1251 elouyuto,
1432 1209 1540 1254 foliis
1565 1213 1629 1247 im-

109 1266 250 1301 brieatis
271 1267 446 1313 subplam‘s
469 1266 491 1311 (
496 1267 686 1301 iunioribus
711 1267 869 1312 defletis)
894 1267 1002 1299 ocutis
1025 1264 1151 1298 obtusis
1170 1265 1410 1309 inteyerrimis,
1438 1266 1508 1301 labo
1522 1268 1633 1305 baseos

107 1327 255 1372 repando
285 1327 420 1370 ‘inferne
446 1326 553 1372 plano
590 1339 732 1372 superne
774 1325 924 1359 involuto
958 1325 995 1358 in
1034 1324 1231 1358 auriculam
1272 1337 1419 1370 parrum
1456 1327 1633 1373 oblonyam,

108 1384 264 1418 obtusam
299 1391 420 1418 tectam,
454 1398 475 1419 a
511 1387 666 1429 Ίηιινῃίηε
699 1384 812 1418 baseos
846 1385 1049 1425 distantem,
1088 1384 1352 1429 ampliiyaslriis
1390 1384 1498 1430 (folio
1524 1388 1632 1434 paulo

107 1443 323 1487 minoribns)
355 1444 546 1478 imbricatis
580 1443 949 1478 cordato-orln‘eulatis
987 1449 1130 1487 utroque
1162 1443 1317 1487 maryiue
1351 1445 1461 1478 tribus
1498 1447 1633 1491 anyulis

107 1502 271 1546 repandis
296 1501 368 1535 basi
393 1503 650 1538 decurrentibus
688 1505 781 1549 apice
813 1510 911 1536 acute
943 1501 1092 1535 obtuseve
1119 1500 1255 1546 bifidis,
1287 1502 1470 1547 fruc-tibus
1504 1504 1539 1538 in
1572 1518 1632 1538 να-

107 1560 211 1594 mulis
237 1560 436 1595 lateralibus
460 1564 634 1603 secundis,
661 1562 862 1607 perismtlu‘o
898 1562 966 1595 late
998 1567 1095 1594 ovato
1130 1562 1297 1605 triquetro
1330 1569 1446 1595 ventre
1478 1564 1634 1598 carimde

110 1619 254 1654 breviter
280 1628 428 1655 rostrato
456 1621 668 1656 involuerum
696 1624 751 1655 vix
776 1628 971 1667 superante,
986 1620 1092 1664 follis
1118 1620 1383 1655 inrolucmlz'hus
1409 1621 1525 1664 bifidis
1551 1623 1635 1658 labis

109 1677 391 1724 elouyalo-ovate's
416 1681 655 1725 iuteyerrimis.
707 1681 868 1714 (r'octsehe
894 1681 989 1714 Icon.
1017 1679 1184 1713 Frullan.
1212 1680 1332 1714 inedit.

302 1741 428 1772 Jubula
457 1741 712 1772 Gaudichaudii
740 1741 787 1773 N.
810 1746 841 1773 cc
859 1740 914 1772 M.
942 1739 978 1772 in
1006 1739 1102 1772 Anu.
1129 1740 1183 1772 des
1208 1750 1255 1773 se.
1282 1746 1354 1773 nat.
1386 1742 1486 1773 1836.
1513 1752 1548 1786 p.
1578 1744 1634 1776 13.

389 1811 465 1832 cum
491 1799 577 1834 icon.

306 1858 574 1900 Jungermaunia
607 1860 795 1890 Tamarisci
834 1871 903 1890 var.
943 1860 1043 1902 longa
1088 1858 1285 1903 ›S'elzwaeffla
1331 1860 1365 1891 in
1407 1859 1638 1895 Gaudicleuud

393 1917 527 1963 Voyaye
551 1918 590 1950 (le
617 1917 797 1957 FER-anie,
826 1916 1034 1962 Batauique.
1056 1929 1095 1962 p.
1123 1919 1205 1950 217.

208 1987 369 2022 Habitat
404 1989 450 2022 ad
488 1988 560 2022 Rio
599 1989 644 2022 de
672 1988 824 2022 Janeiro
853 1987 1038 2022 Brasiliae
1084 1986 1353 2030 (Gaudichaud
1381 1987 1416 2021 in
1449 1988 1521 2022 Hb.
1552 1990 1634 2033 M.).

111 2047 149 2080 in
175 2047 305 2082 Insula
332 2048 479 2083 Guham
506 2049 719 2092 (Hombron
745 2048 782 2082 in
812 2048 887 2081 Hb.
917 2048 969 2082 M.
998 2052 1034 2081 et
1059 2047 1142 2092 G.);
1170 2047 1206 2080 in
1236 2047 1365 2081 Insula
1383 2059 1455 2082 van
1478 2049 1635 2082 Diemeu

113 2106 308 2150 (d'Urville
335 2108 372 2141 in
403 2108 478 2142 Hb.
501 2108 584 2150 M.).

209 2166 344 2200 Differt
380 2168 426 2201 ab
466 2168 657 2201 affinibus:
703 2166 893 2200 Fruli'unia
928 2165 1171 2211 e07·d1‘slipula‚
1209 2165 1420 2209 diret-yeme,
1454 2165 1638 2211 Nepaleusi

114 2229 184 2258 cet.
213 2226 381 2260 auricula
407 2230 558 2269 propter
586 2225 789 2269 marginem
817 2225 894 2260 solii
923 2225 1108 2259 dorsalem
1135 2224 1306 2257 deorsum
1341 2224 1378 2256 in
1405 2224 1530 2257 lolium
1565 2225 1634 2258 ob-

114 2289 238 2318 tusum
272 2285 552 2329 repandumque
588 2285 807 2328 productam
849 2285 895 2318 ad
936 2284 1098 2328 speciem
1140 2283 1285 2316 mediae
1326 2282 1399 2316 fere
1437 2282 1517 2316 basi
1557 2283 1637 2316 eius

112 2342 350 2385 inhaerente,
377 2347 454 2377 tum
481 2355 569 2378 vero
596 2348 740 2378 statura
766 2343 897 2377 maiori
923 2347 944 2377 3
964 2364 978 2369 -
996 2346 1018 2377 4
1035 2363 1050 2368 -
1068 2341 1258 2386 pollicari,
1287 2341 1385 2374 foliis
1412 2340 1509 2373 cauli
1536 2342 1636 2375 haud

114 2401 406 2443 circumvolutis,
426 2402 593 2436 nonnihil
612 2402 799 2446 repandis.
852 2401 1120 2448 Auqzlu'yustria
1141 2399 1311 2440 rotunda,
1342 2399 1429 2439 lata,
1455 2400 1636 2443 repanda,

113 2460 153 2495 in
187 2461 310 2495 medio
345 2460 605 2504 longitrorsum
640 2461 774 2504 gibba,
815 2462 863 2495 ad
902 2466 916 2503 ὲ
955 2465 1064 2495 acute
1104 2461 1284 2494 obtuseve
1323 2457 1455 2499 bifida,
1493 2459 1640 2493 laciniis

115 2519 389 2554 obtusiusculis
416 2520 539 2555 rectis.
592 2520 699 2554 Retis
726 2521 875 2554 areolae
902 2520 1158 2555 subrotundae
1195 2518 1329 2552 areolis
1355 2517 1642 2552 intercalaribus

115 2582 138 2612 6
157 2599 172 2605 -
190 2579 518 2614 8distinctissimis
543 2579 700 2615 cinctae.
752 2580 882 2614 Caulis
909 2580 1050 2622 fuscus,
1078 2578 1232 2622 rigidus.
1285 2575 1397 2609 Rami
1423 2575 1640 2619 regulariter

115 2640 289 2680 patentes
314 2639 579 2684 subaequales,
612 2639 782 2684 plerique
807 2638 1008 2683 simplices.
1060 2637 1276 2672 Periaucltc‘a
1309 2635 1370 2679 (ad
1396 2635 1496 2669 latus
1520 2635 1638 2670 inter-

117 2706 206 2730 num
233 2698 433 2743 ramorum)
472 2699 663 2741 secunda,
702 2698 870 2741 sessiHa,
915 2702 1046 2740 ovata,
1087 2698 1219 2731 subtus
1247 2699 1356 2729 acute
1383 2694 1552 2729 carinata
1581 2696 1639 2729 vel

118 2753 376 2798 triangularia,
403 2756 491 2791 solia
518 2761 555 2792 et
582 2757 889 2801 amphigastrium
915 2756 1161 2791 involucralia
1190 2755 1254 2789 vix
1280 2752 1509 2797 superantia.

213 2813 248 2847 A
273 2814 468 2850 Frullam‘a
497 2816 688 2851 Tltuillerz’i
715 2816 957 2860 distinguitur
984 2815 1175 2850 auriculae
1203 2814 1322 2848 forma
1349 2816 1388 2847 et
1412 2812 1483 2846 situ
1513 2811 1637 2846 diver-

119 2869 280 2906 sissimo.
330 2873 433 2908 Inter
473 2886 601 2911 omnes
643 2887 871 2920 congeneres
909 2875 996 2910 huic
1042 2874 1233 2910 auriculae
1270 2871 1445 2906 minimae
1484 2875 1572 2906 sunt
1605 2875 1642 2906 et

118 2929 229 2967 facile
254 2932 383 2969 oculos
409 2934 643 2981 effugientes,
669 2935 889 2982 praesertim
915 2934 954 2970 in
980 2934 1078 2971 foliis
1105 2931 1276 2968 caulinis.
1315 2931 1379 2976 (N.
1407 2933 1444 2965 et
1457 2930 1513 2966 M.
1539 2930 1564 2965 l.
1590 2930 1642 2975 c.)

1267 3011 1362 3043 28·
