1824 3252
190 157 261 188 244

191 456 264 489 Hb.

723 151 942 186 Sendtnera.
996 150 1186 195 Polyotus.

265 269 298 307 β,
328 268 435 299 tenuis
464 274 495 297 et
520 266 638 297 laxior.

465 325 731 365 Jnngermannia
759 326 831 355 fissa
862 324 908 357 N.
936 324 978 357 ab
1006 324 1051 358 E.
1080 325 1169 371 Hep.
1197 326 1277 359 Jatn
1299 340 1335 372 p.
1370 330 1421 363 18.
1449 342 1480 362 η.
1512 332 1562 363 16.

285 395 428 431 Crescit
462 393 498 427 in
531 397 627 427 terra
663 393 762 426 nuda
804 398 840 427 et
877 394 970 427 inter
1008 405 1155 430 muscos
1188 396 1308 430 Javae
1345 399 1459 433 rarior
1493 401 1641 442 <ultime
1669 401 1705 434 in

295 455 371 498 N.).

292 524 461 558 Adnot.
514 522 667 566 Species
702 533 791 557 sane
818 523 1012 565 distincta,
1051 524 1116 558 sed
1153 525 1276 560 forsan
1311 526 1570 570 imperfectiori
1606 533 1703 562 statu

188 585 397 623 observata,
425 582 555 626 quales
591 587 628 615 et
653 581 690 615 in
718 584 1024 619 antecedentibus
1052 586 1235 628 prodeunt
1264 587 1422 627 formae,
1459 597 1490 619 v.
1520 598 1550 619 c..
1579 586 1703 620 Semit—

187 655 266 676 [ιρι-α
291 641 438 675 dir-Iados
463 646 485 684 μ’
514 642 530 662 ³*
550 643 568 663 *
585 643 603 661 ,÷.·
630 654 732 676 ηαηα.

471 753 695 795 XXVII.
757 753 1069 810 Polyotlls
1131 755 1422 807 Gottsclie.*)

281 835 598 880 Jungermanniae
626 847 747 879 spe-cc.
777 836 914 869 Hoolcer
942 842 976 869 et
1008 836 1148 882 Taylor.

286 905 541 942 Perianthium
570 907 721 940 nullum.

284 978 522 1011 Involucrum
551 977 586 1011 in
616 978 768 1011 ramulis
796 979 954 1022 propriis
981 979 1198 1013 lateralibus
1236 982 1291 1013 vel
1321 981 1558 1022 miliaribus,
1596 983 1700 1026 poly-

184 1037 370 1081 phyllum‚
410 1037 617 1071 accretione
652 1037 820 1071 soliorum
858 1037 1141 1072 involucralium
1183 1044 1218 1073 et
1256 1040 1444 1074 verticillis
1471 1041 1639 1075 foliorum
1668 1047 1704 1074 et

184 1095 531 1139 amphigastriorum
560 1100 679 1129 torum
707 1097 906 1138 genitalem
934 1097 1114 1131 iuniorem
1144 1099 1399 1132 obvelantium
1427 1101 1638 1135 conflatum.

280 1167 458 1210 Calyptra
499 1167 689 1200 involucro
728 1166 871 1200 interne
905 1167 1054 1201 omnino
1090 1179 1207 1213 usque
1243 1169 1288 1201 ad
1330 1170 1504 1204 verticem
1547 1170 1701 1204 liberum

185 1231 350 1266 acereta,
377 1225 513 1268 pistilla
543 1225 683 1260 sterilia
716 1229 848 1260 12-20
876 1227 910 1260 in
940 1227 1045 1270 apice
1073 1228 1285 1271 gemmam)
1338 1229 1501 1272 capsula
1529 1231 1701 1275 oblonga,

184 1288 228 1320 ad
259 1287 362 1320 basin
392 1297 509 1330 usquc
536 1286 811 1330 quadrivalvis‚
848 1290 1020 1320 texturae-
1048 1288 1208 1328 solidae,
1244 1288 1384 1321 interne
1411 1288 1512 1322 fibris
1540 1289 1701 1322 arcuatis

183 1346 375 1379 instructa.
428 1345 594 1380 Blateres
622 1346 829 1390 parietibus
857 1346 1020 1390 undique
1047 1347 1173 1386 infixi,
1216 1347 1384 1386 decidui,
1420 1348 1570 1392 bispiri,
1609 1351 1701 1384 fibra

182 1415 323 1438 crassa.
378 1404 530 1438 Semina
557 1405 778 1446 maiuscula,
806 1405 1198 1447 rotundo-tetra'edra,
1226 1407 1438 1448 granulosa.

229 1575 263 1615 *)
300 1559 536 1611 Πολὺωϊος.
575 1572 709 1603 Nomen
731 1572 864 1613 generis
889 1582 928 1601 ex
944 1571 1173 1602 auricularum
1202 1572 1444 1602 numerositate
1468 1571 1701 1615 depromtum.

215 1645 272 1687 Ἠῑ)
304 1645 338 1675 [ιι
366 1646 450 1674 ssore
478 1654 585 1673 conus
613 1642 742 1673 solidus
772 1643 859 1672 soliis
887 1642 1003 1673 multis
1034 1642 1261 1684 minutisque,
1290 1642 1353 1672 illis
1381 1650 1495 1684 postea
1524 1642 1700 1672 involucro

300 1702 528 1735 insidentibus
557 1703 699 1733 omnino
729 1701 909 1739 similibus,
936 1700 1168 1732 circumdatus
1199 1707 1270 1732 12—
1290 1707 1329 1732 18
1358 1701 1478 1743 pistilla
1506 1702 1641 1732 fert.——
1664 1700 1699 1730 In

300 1763 459 1794 omnibus
483 1762 661 1805 Hepaticis,
689 1773 774 1803 quae
802 1759 992 1803 periantliio
1022 1771 1101 1790 vero
1121 1759 1279 1800 gaudent,
1307 1759 1370 1790 hoc
1398 1771 1437 1790 ex
1464 1760 1699 1791 observatione

299 1831 413 1854 nostra
453 1821 507 1863 (N.
544 1819 587 1851 A.
621 1821 697 1851 Nat.
729 1820 866 1851 Curios.
901 1819 978 1850 XX.
1015 1819 1041 1850 I.
1076 1831 1109 1862 p.
1143 1824 1206 1849 331
1237 1818 1325 1861 sqq.)
1365 1830 1500 1861 semper
1539 1819 1699 1850 formatio

299 1881 468 1923 posterior
495 1881 582 1911 inter
608 1880 730 1921 pistilla
761 1888 792 1910 et
818 1880 896 1909 solia
927 1879 1146 1909 involucralia
1176 1878 1379 1909 intermedia
1408 1886 1466 1916 est,
1494 1886 1525 1908 et
1552 1879 1699 1909 exterior

298 1940 414 1982 pistilli
440 1939 583 1977 lamina,
612 1949 697 1980 quae
726 1937 871 1968 subinde
901 1935 1055 1981 calypha
1083 1936 1193 1974 audit,
1224 1947 1361 1979 semper
1386 1937 1492 1968 libera
1520 1937 1699 1973 iuvenitur,

298 2000 330 2029 in
359 1997 520 2029 omnibus
547 2005 663 2028 contra
693 1997 874 2039 Hepaticis,
902 2007 987 2037 quae
1016 1995 1142 2026 nudam
1173 1997 1370 2039 calyptmm,
1397 1996 1444 2027 uti
1472 1996 1698 2034 involucrum,

301 2058 452 2088 fructum
480 2064 655 2087 maturum
684 2056 856 2086 fouentem
882 2063 1082 2092 monstrant,
1116 2056 1237 2097 pistilla
1263 2055 1411 2086 abortiva
1440 2056 1471 2085 in
1501 2056 1573 2097 ipso
1605 2048 1698 2097 apice

300 2116 491 2158 calyptrae,
517 2127 608 2146 nunc
637 2115 822 2153 involucri,
852 2115 901 2145 vel
926 2113 989 2144 sub
1018 2125 1057 2144 eo
1086 2114 1324 2151 inveniuntur,
1359 2126 1388 2144 e.
1414 2126 1463 2155 gr.
1490 2116 1522 2145 iu
1554 2114 1697 2147 Tricho-

298 2174 398 2208 eolect.
425 2192 473 2199 —
505 2174 600 2206 Folia
630 2174 849 2205 involucralia
878 2174 1008 2204 minuta
1037 2174 1069 2203 in
1096 2173 1247 2215 speciem
1277 2174 1307 2203 in
1337 2174 1553 2204 involucrum
1588 2183 1697 2205 trans—

300 2237 461 2277 migrant.
512 2234 626 2266 Cauiis
660 2235 751 2264 enim
788 2245 866 2264 cum
907 2233 969 2263 illis
1004 2233 1093 2263 soliis
1118 2233 1415 2275 perichaetialibus
1443 2233 1696 2264 rudimentariis

298 2297 430 2335 crescit,
457 2295 539 2326 dum
567 2296 709 2338 apicem,
738 2303 849 2325 torum
879 2293 1061 2333 genitalem
1092 2292 1270 2329 serentem,
1305 2303 1440 2323 sursum
1468 2293 1554 2323 tollit
1592 2292 1696 2323 solio-

300 2365 446 2396 rumque
491 2353 684 2386 internodia
728 2352 973 2390 extenduntur,
1023 2351 1187 2393 pistillum
1231 2350 1478 2383 foecundatum
1511 2360 1623 2382 autem
1664 2353 1695 2382 in

299 2415 402 2446 caulis
428 2414 600 2457 gremium
635 2411 815 2444 descendit
849 2420 1034 2452 torumque
1070 2410 1253 2451 genitalem
1289 2419 1458 2453 penetrat,
1494 2410 1587 2451 quod
1623 2411 1695 2442 dis-

297 2473 505 2505 sectionibus
533 2473 631 2505 facile
657 2473 830 2515 probatur.
882 2470 919 2501 In
949 2467 1090 2514 Polyotz'
1115 2480 1241 2511 genere
1270 2470 1434 2501 involucri
1462 2470 1566 2501 facies
1601 2479 1695 2502 exte-

297 2534 368 2563 rior
403 2533 498 2563 aliter
534 2532 709 2564 reticulata
746 2542 783 2562 ac
817 2531 977 2569 interior,
1014 2540 1098 2572 quae
1137 2530 1305 2572 calyptrae
1331 2529 1496 2571 parietem
1525 2530 1692 2561 internam

299 2592 400 2630 sistit3
438 2591 599 2622 soliorum
636 2591 788 2633 prostypi
826 2600 964 2631 quoque
991 2588 1160 2620 substrato
1189 2586 1341 2629 quodam
1370 2595 1522 2626 utantur,
1556 2600 1693 2620 necesse

298 2659 364 2687 est,
401 2649 495 2691 quod
521 2651 569 2680 nil
596 2650 660 2680 nisi
688 2650 791 2680 caulis
817 2660 895 2692 pars
922 2649 1091 2680 corticalis
1119 2646 1284 2689 praebere
1311 2655 1432 2688 potest.
1483 2647 1565 2679 Inde
1593 2649 1694 2681 invo-

295 2711 432 2742 lucrum
469 2710 687 2740 concretione
722 2710 890 2752 calypti-ae
927 2716 958 2738 et
993 2708 1097 2750 partis
1125 2706 1292 2737 corticalis
1321 2707 1424 2737 caulis
1452 2718 1530 2738 cum
1568 2708 1693 2740 foliolis

297 2780 336 2799 ex
364 2780 403 2799 eo
431 2767 646 2799 nascentibus
674 2768 843 2798 formatur
871 2775 902 2797 et
929 2768 960 2797 in
989 2768 1060 2797 eius
1088 2766 1193 2809 apice,
1221 2776 1328 2808 aeque
1347 2777 1384 2797 ac
1409 2767 1439 2796 in
1463 2764 1692 2806 Trichocolea,

298 2827 418 2870 pistilla
448 2827 614 2866 abortiva,
654 2837 738 2868 quae
776 2827 861 2857 inter
890 2826 969 2856 folia
996 2837 1141 2864 summa,
1169 2824 1349 2868 periantliii
1387 2837 1433 2862 os7
1461 2837 1568 2867 aeque
1596 2838 1630 2857 ac
1660 2829 1690 2857 in

296 2885 497 2923 Gottseheis,
524 2887 726 2922 simulantizn
755 2885 927 2917 observari
954 2887 1044 2916 licet.
