1824 3252
199 202 270 236 736
842 197 1085 233 Madotheca.

297 314 433 349 Differt
462 324 483 347 a
510 312 567 346 M.
587 311 888 358 platyphylloidea
914 310 1074 345 surculis
1101 310 1382 354 angustioribus
1416 316 1454 347 et
1478 312 1599 357 magis
1627 324 1729 349 com·

197 373 376 418 planatis,
404 372 502 407 soliis
529 370 796 406 dissitiusculis
824 370 1036 416 areolisque
1062 370 1326 405 minutioribus
1353 375 1390 405 et
1416 372 1496 406 basi
1522 374 1733 409 lobulorum

197 438 235 469 et
272 432 627 478 amphigastriorum
665 431 854 465 nonnullis
887 430 1064 465 dentibus
1100 430 1265 474 spinosis
1302 432 1501 467 fimbriata.
1561 433 1595 468 A
1628 435 1732 469 Mad.

196 494 379 528 subellz'ata
396 492 545 526 differre
566 491 713 526 videtur
734 491 832 525 foliis
854 490 1066 525 rotundatis
1091 490 1180 533 (nec
1201 491 1343 535 ovatis)
1369 496 1404 525 et
1421 492 1569 527 defectu
1587 494 1734 528 fimbria

196 554 317 587 basali
355 552 510 586 ciliato-
527 551 680 584 dentata
707 550 823 595 (quae
849 550 886 584 in
916 550 1089 585 soliorum
1120 550 1199 584 basi
1229 550 1266 584 in
1293 551 1350 586 M.
1378 551 1565 586 subc-iliata
1589 553 1733 598 obvia),

196 611 334 647 lobulis
361 611 535 646 obovatis
573 611 715 655 (neque
741 611 949 645 imbricatis
985 621 1055 645 nec
1092 610 1278 655 ligulatis)
1313 616 1350 645 et
1376 612 1458 646 basi
1492 613 1663 648 soliorum
1698 617 1736 648 et

198 672 552 717 amphigastriorum
579 670 976 705 runcinam-dentata.
1023 671 1177 714 (Taylor
1205 670 1226 706 l.
1254 671 1305 716 c.)

196 790 232 824 p.
261 782 344 815 282.
480 782 528 814 35
548 779 584 814 b.
635 779 958 814 Madotheca
979 779 1287 824 gracilentum
1312 778 1460 822 Taylor.

293 851 350 886 M.
393 850 490 886 caule
526 851 602 886 laxe
639 850 784 897 implero
831 849 1055 884 adscendente
1095 848 1351 896 subbipimzatffi
1398 850 1508 884 ramis
1545 852 1736 886 attenuatis

194 913 364 953 decurris,
380 911 487 957 foliis
510 910 769 946 subimbricatis
794 909 1053 959 sabpatentibus
1080 909 1148 944 late
1171 910 1443 955 oblonqo-ovatis
1466 909 1593 944 obtusis
1612 910 1733 956 apicu-

194 973 275 1007 latis
301 972 532 1016 inteqerrimis
558 972 714 1016 may-gline
739 970 890 1005 ventrali
915 982 1068 1012 recurva,
1096 969 1216 1004 lohulis
1241 969 1399 1015 liyulatis
1423 971 1581 1016 maryine
1603 971 1736 1017 reflexis

192 1030 534 1073 subdam-rentibus,
573 1032 834 1077 amphiyastriis
867 1043 884 1064 e
910 1031 1111 1064 decurrente
1135 1031 1275 1064 cordata
1311 1030 1383 1065 basi
1407 1031 1560 1077 oblorzqis
1584 1032 1734 1076 emat-{si-

194 1094 286 1128 natis
310 1092 580 1133 subhaleutacis,
606 1091 810 1138 periantltio
844 1090 954 1124 ses-sili
988 1089 1129 1124 laterali
1153 1092 1340 1124 rotundato
1366 1102 1555 1137 compresso
1580 1103 1734 1132 conver-o,

193 1167 250 1188 ore
276 1154 409 1187 minuto
434 1151 656 1193 denticulato,
672 1150 779 1196 foliis
805 1149 1073 1184 involucralae'bus
1096 1149 1322 1185 subdentatt's.

386 1213 596 1247 Madotheca
633 1214 818 1255 gracilenia
864 1210 966 1257 Tayl.
996 1211 1084 1245 Noc.
1113 1212 1205 1257 Hep.
1242 1213 1279 1245 in
1311 1211 1419 1245 Lond.
1446 1211 1576 1246 Journ.
1602 1211 1647 1257 of
1666 1210 1732 1246 bot.

478 1275 582 1306 1846.
602 1284 642 1318 p.
668 1273 752 1306 381.
780 1285 813 1304 η.
842 1273 876 1305 6.

295 1344 457 1378 Habitat
485 1344 585 1388 apud
616 1343 856 1387 Conoepcion
885 1343 1078 1386 (Beeclxey
1108 1355 1142 1377 n.
1173 1346 1241 1377 152
1267 1343 1303 1377 in
1336 1343 1411 1377 Hb.
1439 1343 1537 1387 Hk.)

291 1404 489 1447 Caespites
515 1404 606 1446 laxi,
641 1404 771 1437 fusco·
789 1403 959 1437 olivacei.
1013 1403 1150 1438 Caules
1177 1407 1201 1437 2
1225 1424 1240 1429 -
1258 1407 1280 1438 3
1307 1402 1462 1448 pollices
1488 1403 1608 1446 longi3
1641 1401 1734 1436 rami

192 1463 447 1508 subsastigiati
489 1474 620 1497 versus
666 1463 785 1496 caulis
825 1462 983 1507 apicem.
1049 1462 1238 1497 Involacra
1282 1474 1401 1507 parva
1440 1463 1488 1496 ad
1533 1461 1732 1505 perianthii

195 1523 405 1564 rationem,
430 1523 529 1569 folia
558 1523 788 1557 involvet-alia
816 1523 1004 1567 patentia,
1040 1523 1291 1559 subdentata.
1332 1522 1467 1557 lobulis
1495 1521 1732 1563 lanceolatis3

194 1583 464 1627 amphigastria
497 1585 743 1619 irnolucralia
777 1583 853 1617 fere
891 1583 1071 1624 rotunda,
1113 1583 1367 1626 emarginata,
1403 1581 1528 1616 valide
1562 1581 1730 1616 dentata.

194 1641 394 1677 Pedicellas
421 1643 487 1678 vix
513 1648 699 1678 exsertus.
754 1642 907 1689 Capsula
932 1643 1108 1686 oblonga.

292 1703 512 1737 Perianthio
557 1704 757 1738 rotundato
797 1704 953 1748 eiusque
994 1714 1057 1737 ore
1096 1714 1212 1747 parvo
1248 1702 1294 1735 ad
1331 1701 1514 1747 Jnnyerm.
1547 1703 1732 1736 distantem

194 1762 425 1798 Schweinitz
454 1764 570 1808 (quae
599 1763 851 1798 verisimiliter
878 1762 980 1797 Mad.
1011 1762 1192 1796 Porellam
1220 1761 1322 1795 Nees
1349 1766 1386 1796 et
1413 1761 1514 1796 Mad.
1540 1761 1732 1796 rivularem

194 1821 296 1857 Nees
323 1823 624 1868 comprehendit)
652 1823 809 1864 accedit,
838 1823 901 1857 sed
932 1823 1020 1857 folia
1048 1823 1239 1867 apiculata
1258 1826 1296 1856 et
1311 1821 1580 1866 amphigastria
1605 1831 1732 1855 emar-

192 1883 321 1926 ginata
347 1884 443 1917 bene
470 1884 571 1917 illam
600 1883 847 1926 distinguunt.
914 1883 1069 1926 (Taylor
1094 1883 1117 1916 l.
1146 1884 1199 1925 c.)

191 1987 229 2020 p.
257 1980 341 2011 282.
513 1979 560 2010 35
582 1988 614 2011 c.
667 1976 987 2011 Madotheea
1011 1984 1234 2011 'recurva
1254 1974 1410 2019 'Taylon

292 2048 349 2083 M.
385 2047 480 2082 caule
514 2047 588 2081 laxe
626 2048 812 2092 caespitoso
851 2047 1073 2080 adscendente
1112 2048 1325 2092 tripirmato,
1364 2047 1514 2080 surculis
1539 2048 1732 2093 yracilibus

192 2107 434 2155 complanatis,
460 2107 569 2153 foliis
594 2106 789 2140 imbricatis
814 2105 1141 2152 erecto-patentibus
1175 2105 1244 2139 late
1270 2105 1617 2150 triangulari-ovans
1642 2108 1730 2141 inte-

189 2170 355 2215 yerre'mis
404 2167 561 2212 maraine
600 2166 731 2200 dorsali
775 2165 912 2211 ¹{Jt'bboso
947 2165 1097 2199 ventrali
1135 2178 1297 2205 recurvo,
1349 2165 1471 2200 lobalis
1520 2167 1733 2213 complicatis

193 2229 381 2264 linearibus
406 2227 498 2263 cauli
510 2219 756 2273 sabadpresst's,
782 2226 1047 2272 amphe‘yastriis
1062 2225 1493 2270 lineari-trianyularibus
1509 2227 1733 2261 acutiusculis

192 2290 288 2336 apice
314 2289 467 2323 recurvis
501 2288 573 2323 basi
607 2286 881 2334 amplat-antibus
906 2285 1190 2327 decurrentibus,
1219 2285 1421 2331 periantltio
1454 2286 1564 2321 sessili
1590 2287 1733 2322 laterali

192 2348 406 2384 orbiculari·
420 2356 516 2383 ovato
541 2361 600 2382 ore
625 2354 811 2393 anyastato
832 2346 964 2393 plicato
987 2345 1329 2391 subquadrefclentato.

386 2409 594 2442 Madotheca
632 2421 774 2440 recurva
815 2406 919 2454 Tayl.
961 2407 1052 2441 Noc.
1085 2406 1177 2452 Hep.
1215 2406 1253 2439 in
1287 2404 1401 2439 Lond.
1437 2404 1566 2440 Jouru.
1600 2405 1729 2451 ffbot.

478 2470 583 2502 1846.
605 2479 643 2513 p.
671 2469 753 2502 381.
784 2480 818 2501 η.
843 2470 878 2502 5.

293 2539 456 2574 Habitat
482 2538 519 2573 in
548 2539 765 2584 Colchaque
792 2538 830 2573 in
856 2536 1032 2573 America
1060 2537 1215 2572 australi
1248 2537 1344 2580 (Hb.
1374 2537 1451 2571 Hk,
1477 2548 1515 2572 n.
1542 2538 1632 2582 44).

291 2604 441 2639 Pallide
477 2602 836 2637 olivaceo-viridis.
892 2601 1015 2636 Cautes
1047 2605 1070 2636 5
1099 2623 1114 2627 -
1145 2604 1166 2634 6
1192 2601 1347 2645 pollices
1372 2599 1492 2643 longi,
1529 2601 1623 2634 rami
1657 2613 1726 2646 pa-

194 2668 330 2701 tentes.
395 2662 501 2698 Folia
537 2666 638 2697 arcte
676 2662 896 2704 imbricata,
933 2662 1084 2704 brevia,
1123 2662 1249 2696 lobulo
1275 2672 1392 2705 prope
1419 2661 1563 2695 caulem
1598 2662 1731 2697 leviter

195 2729 366 2760 curvam.
419 2722 616 2767 Periyonia
642 2721 770 2765 spicae
797 2720 1063 2763 brevissimae,
1100 2721 1280 2755 involucra
1312 2719 1444 2764 paucis
1472 2719 1571 2754 foliis
1594 2721 1730 2755 subin-

193 2782 403 2826 tegerrimis
439 2782 659 2827 composita.
718 2781 877 2816 Accedit
916 2781 964 2815 ad
991 2781 1094 2816 Mad.
1122 2779 1372 2826 macilentam,
1414 2780 1479 2814 sed
1514 2780 1603 2815 folia
1641 2784 1731 2815 sunt

193 2842 340 2877 minora
378 2847 416 2877 et
451 2842 592 2877 arctius
634 2841 856 2883 imbricata,
903 2841 983 2875 folii
1020 2846 1057 2875 et
1095 2840 1217 2875 lobuli
1254 2840 1431 2873 iunctura
1468 2839 1589 2882 magis
1632 2848 1726 2872 con-

194 2901 348 2946 spicua,
375 2901 645 2947 amphigastria
672 2901 890 2946 angustiora
917 2905 954 2935 et
981 2900 1151 2935 acutiora
1175 2903 1213 2934 et
1238 2899 1491 2944 periauthium
1518 2898 1728 2943 angustius.

194 2961 350 3006 (Taylor
374 2962 399 2996 l.
427 2963 480 3007 c.)
