1824 3252
193 181 258 213 19⁴2
827 172 1078 217 Gymnanthe.

741 285 1052 339 Subtribus
1092 285 1147 337 4.

680 383 1224 445 Genealyeeae.

306 479 365 519 N.
399 478 452 518 ab
485 475 541 516 E.
575 474 689 528 Hep.
723 473 835 513 Eur.
870 471 908 513 I.
933 486 982 526 p.
1017 472 1115 512 101.
1150 471 1214 511 II.
1242 469 1412 526 p.385.
1446 470 1540 512 ΙΙΙ.
1561 485 1610 526 p.
1632 471 1708 512 571

187 556 225 588 et
256 546 354 588 572.
415 542 499 584 IV.
525 557 574 597 p.
601 540 807 582 XXIII.
871 540 1112 581 Endlicher
1138 540 1312 595 Gemp.
1334 540 1463 581 1343.
1509 539 1716 580 Gottsclze

190 617 290 657 iiber
327 614 395 655 die
436 611 773 664 Fruclzfication
812 609 889 650 der
925 609 999 664 Jy.
1046 609 1333 664 Geocalyceae
1377 609 1422 649 in
1462 608 1574 649 Nov.
1614 609 1713 648 Act.

188 686 266 725 Ac.
302 684 409 724 Nat.
442 695 534 722 cur.
569 678 719 720 XXI.
747 695 795 734 p.
827 678 869 720 2.
894 693 933 719 o.
967 677 1080 719 tabb.
1112 678 1154 719 2.

305 750 493 806 Capsula
517 749 667 795 solida,
702 754 835 796 recta,
870 748 920 788 ad
945 748 1066 788 basin
1089 761 1224 801 usque
1256 745 1560 800 quadrivalviS.
1618 744 1716 785 Ela-

189 828 300 862 teres
334 820 498 875 bispiri.
553 817 851 870 Fructificatio
884 817 950 858 vel
983 832 1006 858 e
1038 824 1187 858 ventre
1219 815 1407 857 lateralis
1439 815 1490 856 ad
1526 815 1717 870 speciem

190 889 391 945 pendula,
428 887 493 928 vel
525 887 775 936 terminalis,
824 887 890 946 yel
924 887 1085 928 ramulo
1120 886 1186 927 vel
1218 885 1351 926 caulis
1384 886 1498 940 apici
1527 890 1714 930 saoeato,

186 973 316 1012 saepe
349 971 527 998 carnoso
567 955 807 1006 (involucro
839 971 969 997 sensu
1011 957 1168 1007 latiori)
1209 957 1429 1004 immersa,
1474 954 1716 1010 perianthio

189 1028 252 1067 vel
302 1041 397 1068 cum
444 1032 536 1066 toro
593 1025 836 1066 confluente
895 1026 960 1066 vel
1016 1025 1259 1065 deficiente.
1339 1023 1463 1064 Folia
1511 1023 1714 1063 succuba.

191 1095 464 1136 Ramifieatio
499 1109 620 1149 vaga.
667 1093 851 1135 Plantae
877 1094 1118 1142 terricolae,
1153 1092 1380 1133 nonnullae
1412 1092 1715 1147 gemmiparae.

457 1184 599 1225 XVI.
667 1183 1089 1240 Gymnanthe
1131 1165 1304 1238 Tay'lor.
1350 1182 1438 1224 ΜΒ.

283 1254 516 1288 Acrobolbus
545 1253 648 1287 Nees
675 1253 722 1287 ab
750 1253 945 1287 Esenbeck
973 1264 1021 1287 ex
1049 1258 1166 1297 parte.
1219 1252 1367 1298 Synops.
1396 1252 1531 1297 Hepat.
1553 1262 1591 1296 p.
1614 1253 1641 1284 ·5
1665 1262 1715 1295 sq.

191 1325 483 1367 Receptaculum
518 1335 737 1364 commune,
764 1323 980 1365 terminale,
1015 1324 1256 1363 chronicum,
1290 1323 1534 1357 descendens.
1595 1322 1715 1365 Calyx

189 1384 321 1417 nullus.
376 1384 542 1427 Capsula
568 1383 845 1428 quadrivalvis‚
884 1387 964 1416 seta
992 1383 1155 1418 suffulta.
1208 1383 1377 1417 Elateres
1414 1382 1569 1427 spirales
1602 1381 1713 1415 semi-

189 1443 297 1477 nibus
335 1443 532 1477 interiecti.
598 1443 787 1477 Antlierae
827 1442 865 1476 in
909 1442 1080 1476 foliorum
1123 1442 1248 1477 axillis
1281 1443 1420 1477 liberae
1456 1440 1713 1485 pedicellatae.

192 1501 323 1547 Ταμὼν
352 1503 385 1535 in
414 1502 538 1537 literis.

286 1562 503 1596 Secundum
530 1563 598 1597 cel.
626 1563 763 1607 Taylor
790 1563 836 1597 ad
865 1563 933 1597 hoc
959 1573 1077 1606 genus
1104 1562 1342 1596 referendae:

602 1626 631 1656 l.
687 1623 1016 1669 Gymnanthe
1049 1623 1307 1657 nvlsosnii.

380 1683 597 1714 Aci-obolbus
628 1684 784 1714 Wilsouii
813 1683 960 1728 Synops.
988 1682 1082 1727 Hel).
1106 1695 1143 1728 p.
1171 1685 1204 1716 5.
1236 1680 1402 1715 Gottsche
1428 1679 1481 1713 Ic.
1511 1679 1602 1725 Hep.
1629 1679 1718 1712 inea.

289 1740 463 1774 Nostrum
493 1741 621 1775 Genus
653 1740 888 1775 Acrobolbus
924 1742 1047 1775 forsan
1084 1741 1223 1785 optimo
1257 1742 1336 1775 iure
1370 1751 1454 1774 cum
1483 1739 1719 1784 Gymnanthe

189 1798 337 1841 Taylori
363 1799 684 1842 coniungendum,
712 1800 777 1833 sed
805 1800 931 1844 inopia
958 1800 1202 1844 speciminum
1230 1807 1267 1836 et
1292 1811 1376 1834 cum
1405 1799 1497 1833 alias
1526 1799 1719 1842 Gymnan—

190 1857 272 1890 thas
295 1857 331 1891 iu
354 1858 518 1901 perfecta
541 1858 823 1892 fructificatione
851 1860 1015 1893 nondum
1044 1860 1259 1900 viderimus,
1287 1861 1384 1893 hanc
1405 1858 1718 1896 coniunctionem,

190 1925 299 1957 quffln
327 1917 573 1959 suspicamur,
600 1922 701 1951 certo
729 1922 838 1961 pacto
866 1920 1031 1953 stabilire
1061 1919 1258 1953 noluimus.

542 1979 576 2010 2.
630 1977 960 2022 Gymnanthe
985 1979 1190 2012 tenella
1215 1977 1362 2020 Taylor.

288 2034 332 2068 G.
359 2034 454 2069 caule
481 2036 727 2081 procumbente
761 2048 895 2070 ramoso
929 2049 946 2070 e
982 2042 1102 2070 ventre
1136 2036 1321 2069 innovante
1350 2035 1570 2082 flaydlffero
1588 2049 1719 2084 parum

191 2093 354 2134 radicoso,
378 2095 486 2128 ramis
499 2095 709 2141 ji·1tet3'f'e²·is
732 2095 828 2140 apice
854 2097 989 2130 densius
1002 2095 1159 2140 solimis,
1185 2094 1359 2129 sterilium
1373 2095 1480 2141 soliis
1493 2097 1718 2130 decrescenti-

192 2154 271 2195 bus,
300 2154 457 2200 flaqellis
495 2157 597 2190 undis
634 2168 710 2190 eum
747 2155 986 2190 radic-ularmn
1022 2155 1106 2188 toris
1144 2154 1423 2195 alternantibus,
1458 2154 1566 2199 foliis
1603 2162 1717 2189 ovato-

192 2212 343 2257 0hlon9is
374 2216 530 2248 canentis
561 2216 656 2261 apice
692 2214 1060 2261 hfido-errzcttyinatis
1093 2214 1255 2253 serratis,
1304 2213 1569 2259 amphiyastriis
1602 2214 1719 2258 nullis,

182 2270 314 2313 fructu
338 2272 377 2304 in
403 2272 537 2307 ramulo
563 2273 752 2308 terminali.

386 2333 604 2375 Gymnantlie
640 2335 760 2365 tenella
799 2332 962 2366 Gottscloe
998 2338 1031 2365 et
1057 2332 1101 2365 L.
1136 2333 1173 2365 in
1203 2332 1322 2367 Lehm.
1357 2333 1453 2378 Puy.
1481 2333 1593 2367 VIII.
1623 2345 1661 2379 p.
1691 2337 1718 2369 Ι.

473 2379 637 2413 Gottsclae
663 2379 716 2415 Ie.
744 2380 839 2425 Hep.
865 2380 958 2413 ined.

383 2440 652 2480 Jungermannia
671 2441 791 2472 tenella
820 2439 952 2486 Taylor
977 2439 1014 2473 in
1037 2440 1146 2472 Lond.
1161 2439 1288 2473 Journ.
1304 2439 1429 2485 quot.
1460 2443 1562 2475 1844.
1583 2453 1622 2486 p.
1637 2444 1719 2476 377.

292 2495 452 2530 Habitat
483 2497 519 2530 in
554 2498 670 2532 Terra
705 2508 776 2532 van
811 2497 973 2531 Diemen
1010 2497 1105 2541 (Hb.
1132 2498 1268 2542 Taylor
1295 2503 1332 2532 et
1359 2499 1538 2533 Gottsche
1565 2511 1611 2534 ex
1643 2500 1718 2534 Hb.

196 2554 375 2600 Grevine)
400 2560 437 2589 et
461 2556 498 2590 in
530 2557 667 2591 rnsuiis
694 2557 892 2591 Auckiand
919 2546 1091 2599 (Hooker
1114 2557 1225 2602 jum).

291 2613 413 2648 Caulis
443 2618 455 2648 l
473 2636 488 2641 -
506 2619 528 2650 3
548 2616 748 2660 pollicaris,
774 2616 982 2651 inordinate
999 2627 1179 2660 ramosus,
1208 2627 1320 2661 parce
1337 2616 1584 2659 radiculosus,
1606 2629 1716 2662 prae-

196 2673 322 2706 sertim
362 2674 408 2707 ad
450 2678 570 2708 ortum
609 2676 837 2719 flagellorum
884 2686 1166 2720 ramorumque,
1214 2675 1381 2710 viridis.·
1416 2675 1539 2710 -Rami
1576 2676 1720 2710 steriles

196 2732 377 2776 elongati,
404 2734 591 2777 unciales,
626 2735 724 2769 foliis
751 2745 881 2768 versus
910 2735 1053 2778 apicem
1082 2735 1129 2769 ad
1156 2735 1306 2770 modum
1333 2735 1560 2778 flagellorum
1587 2736 1717 2770 decre-

197 2792 407 2835 scentibus;
453 2793 593 2828 fertiles
634 2794 715 2828 basi
755 2794 852 2829 foliis
900 2794 1104 2828 minoribus
1153 2795 1272 2838 magis
1318 2794 1546 2828 distantibus
1590 2804 1720 2828 versus

199 2851 342 2894 apicem
377 2844 582 2887 maioribus
614 2858 653 2887 et
688 2852 975 2888 confertioribus
1002 2853 1225 2888 vestiuntur.
1277 2853 1383 2887 Folia
1409 2855 1558 2888 caulina
1586 2857 1717 2887 ovato-

198 2909 371 2954 oblonga,
397 2911 479 2946 basi
505 2912 691 2946 cuneatim
709 2916 914 2955 attenuata,
942 2913 1117 2955 contigua
1144 2914 1200 2947 vel
1228 2913 1509 2953 subimbricata‚
1536 2911 1717 2954 patentis-
