1824 3252
602 197 804 241 Scapania.
854 194 1164 239 Jungermannia.
1599 201 1644 231 73

125 314 216 346 llaec
258 310 402 346 accedit
435 310 481 344 ad
515 309 834 354 Junyermanniam
859 308 1080 355 densisoliam
1108 308 1231 343 Hook.
1267 319 1287 342 a
1324 319 1398 353 qua
1431 309 1526 344 ciliis
1560 311 1641 344 lon-

124 371 289 415 gioribus
328 374 364 404 et
399 370 567 404 loborum
603 368 709 412 apice
742 368 875 409 bifido,
923 368 1167 413 foliorumque
1201 368 1458 411 magnitudine
1493 369 1644 403 recedit.

125 422 330 474 Propterea
357 430 452 463 lianc
478 429 524 462 ab
551 428 615 462 illa
641 427 826 472 densq'folia
852 427 1029 470 Hoolaeeri,
1069 439 1091 462 a
1127 428 1216 462 clar.
1247 427 1346 461 Nees
1373 428 1420 462 ab
1449 428 1645 462 Esenbeck

123 490 220 524 inter
246 489 438 535 Scapanias
463 487 633 532 quamvis
667 487 783 522 dubio
809 487 970 532 quodam
1006 490 1177 531 recepta,
1214 497 1404 521 semovere
1437 486 1644 527 noluimus;

125 549 247 583 forsan
293 553 450 593 utraque
500 547 547 581 ad
592 547 813 581 Gottseheam
852 547 1121 593 pinnatifoliam
1168 545 1287 589 magis
1333 545 1643 590 approximanda.

125 608 239 642 Felici
266 606 559 642 fructificationis
585 605 841 650 investigatori
874 608 971 641 hanc
999 607 1045 641 ad
1072 609 1219 650 portum
1252 615 1422 640 securum
1458 604 1644 638 adducere

124 666 342 700 remanebit.
368 666 593 712 (Gottsche.)

425 741 483 772 21.
510 740 524 772 2
559 738 829 782 Scapania
855 738 1193 774 clandestina
1218 737 1340 772 Mont.

217 809 275 843 Sc.
301 808 397 843 caule
421 808 632 855 subsimplici
656 815 795 854 repente
814 808 998 854 filfformi,
1013 809 1120 854 foliis
1151 807 1363 854 complicatis
1392 807 1471 840 sinu
1498 805 1567 839 lato
1592 805 1643 838 In'-

112 869 213 913 fidis,
240 868 376 902 laciniis
401 867 497 913 apice
522 868 735 901 muci-onmis
760 867 1025 912 bidentatisque,
1053 867 1203 901 ventrali
1226 868 1356 900 maiore
1378 872 1476 900 ovato
1490 871 1642 898 ovatove-

123 927 340 972 trapezoideo
372 926 680 970 subinteyerrimm
725 926 857 960 ‹lov-sali
888 927 1017 960 minori
1049 926 1142 959 cauli
1168 924 1339 971 parallelo
1368 923 1644 959 subincumbence

121 992 218 1020 ovato
242 986 422 1031 oblonyove
446 991 599 1026 serrato,
624 984 758 1030 fructu
784 1012 792 1019 .
820 1011 829 1020 .
858 1011 865 1018 .

314 1047 480 1090 Scapauia
517 1046 726 1079 clandestina
768 1045 887 1078 Mont.
924 1043 1009 1077 Boc.
1047 1042 1108 1077 Cr.
1153 1042 1190 1076 in
1232 1043 1311 1076 itin.
1352 1054 1428 1076 ηαυ.
1464 1041 1642 1076 Αεινοῖαὒ.

398 1105 528 1138 circum
554 1110 686 1138 terram
712 1110 736 1138 t.
767 1106 822 1139 16.
839 1103 877 1149 f.
904 1106 938 1137 4.
992 1101 1154 1135 Gottsclte
1182 1101 1235 1135 Ie.
1264 1101 1359 1146 Hep.
1385 1101 1475 1134 inetl.

218 1162 261 1195 In
289 1161 524 1206 Magellaens
551 1163 655 1197 Land
681 1163 894 1206 (Hombron
922 1162 958 1195 in
986 1161 1062 1195 Hb.
1088 1160 1142 1194 M.
1171 1165 1208 1195 et
1236 1160 1282 1194 N.
1309 1160 1357 1194 ab
1385 1161 1457 1203 Ε.).

219 1221 354 1255 Planta
382 1221 628 1265 probabiliter
655 1222 892 1266 imperfecta,
924 1219 1117 1260 iuvenilis,
1153 1219 1261 1253 caule
1289 1222 1397 1253 8-10
1430 1217 1494 1251 lin.
1521 1217 1642 1259 longo,

122 1280 280 1314 filiformi
319 1284 357 1314 et
394 1280 544 1324 gracili,
589 1280 685 1315 foliis
721 1280 847 1325 parvis
885 1279 1180 1319 rufescentibus‚
1219 1279 1256 1312 in
1296 1278 1378 1312 aliis
1417 1276 1643 1310 distantibus

122 1339 280 1373 subinde
307 1339 423 1382 magis
450 1338 666 1373 imbricatis.
720 1339 902 1375 Inferiora
935 1339 1026 1373 folia
1054 1338 1091 1372 in
1118 1338 1254 1373 nostris
1280 1335 1517 1380 integerrima
1544 1338 1642 1374 sunt,

122 1396 246 1430 lobulo
280 1399 434 1432 ventrali
469 1399 584 1433 multo
616 1399 746 1433 latiore
771 1400 926 1440 obtuso,
961 1400 1045 1432 sinu
1072 1398 1318 1438 subrecurvo‚
1356 1395 1494 1430 dorsali
1519 1394 1644 1428 lobulo

122 1457 330 1492 lanceolato
358 1463 565 1492 antrorsum
593 1463 786 1503 spectante
814 1458 1070 1498 acutiuscu103
1095 1467 1193 1502 quae
1220 1455 1405 1490 accedunt
1430 1453 1526 1488 foliis
1550 1452 1644 1486 Sca—

116 1516 244 1560 paniae
278 1523 418 1557 curtae5
466 1518 659 1562 superiora
692 1530 822 1553 versus
865 1518 1013 1553 lobulus
1046 1515 1204 1550 dorsalis
1238 1513 1430 1556 increscit,
1465 1511 1644 1547 ventralis

123 1575 242 1618 magis
269 1575 305 1609 in
334 1587 489 1610 acumen
516 1577 746 1620 producitur,
775 1588 871 1622 apex
901 1577 1094 1620 utriusque
1121 1573 1236 1609 lobuli
1263 1573 1382 1617 primo
1402 1575 1643 1605 mucronatus

124 1633 271 1668 demum
312 1635 754 1670 bifido-bimucronatus
791 1636 917 1670 evadit
961 1639 998 1669 et
1035 1637 1244 1668 serraturae
1285 1631 1402 1665 lobuli
1440 1629 1642 1674 superioris

125 1694 322 1728 nonnullae
340 1694 499 1741 subinde
526 1698 561 1728 et
583 1695 767 1729 inferioris
787 1695 983 1729 accedunt.
1034 1693 1079 1726 In
1108 1692 1223 1726 altero
1250 1690 1399 1725 surculo
1425 1689 1541 1723 lobuli
1567 1688 1642 1722 fere

125 1751 288 1785 omnium
323 1752 492 1786 foliorum
530 1753 768 1797 integerrima
804 1758 903 1795 sunt,
940 1752 1046 1797 apice
1073 1755 1198 1785 autem
1224 1748 1421 1784 bidentati.
1479 1747 1645 1782 Lobulus

127 1810 283 1844 dorsalis
322 1810 357 1844 in
393 1813 576 1854 supremis
615 1813 712 1847 foliis
739 1813 902 1847 inferiori
930 1810 1172 1855 subaequalis
1198 1813 1275 1848 est,
1307 1808 1344 1842 in
1374 1807 1509 1842 infimis
1534 1806 1645 1850 triplo

125 1870 379 1914 quadruplove
406 1871 537 1905 minor.
591 1871 696 1905 Retis
723 1872 892 1905 maculae
918 1881 1070 1915 parvae,
1097 1867 1365 1904 subrotundae.

298 1974 391 2015 IX.
453 1974 982 2031 ,jungor-mannia
1017 1974 1145 2015 Linn.
1191 1972 1338 2024 (Char.
1371 1975 1474 2022 em.)

126 2054 173 2087 N.
205 2054 247 2088 ab
285 2055 332 2089 E.
369 2056 462 2102 Hep.
501 2055 593 2089 Eur.
630 2055 660 2089 I.
700 2067 736 2101 p.
778 2057 856 2089 143.
893 2067 929 2090 η.
962 2058 996 2090 5.
1033 2054 1102 2089 IV.
1132 2066 1171 2100 p.
1203 2052 1344 2088 XXII.
1377 2064 1412 2086 η.
1438 2054 1472 2085 6.
1536 2051 1645 2085 Dum.

125 2112 215 2158 Syll.
238 2126 274 2159 p.
301 2117 359 2149 44.
394 2127 429 2148 n.
455 2118 488 2148 7.
515 2120 542 2149 t.
572 2114 656 2158 l.f.
683 2117 718 2147 7.
770 2113 967 2148 Endliclaeer
994 2114 1081 2149 Gen.
1117 2126 1153 2160 p.
1182 2116 1242 2148 45.
1268 2124 1304 2147 n.
1331 2114 1403 2146 474
1437 2109 1645 2157 (ea-parte)

125 2179 155 2206 et
176 2186 214 2218 p.
246 2177 347 2209 1344.
374 2186 409 2208 η.
435 2177 517 2208 473.
568 2173 887 2217 Jungermanniae
911 2185 1018 2220 specc.
1045 2173 1154 2208 Linn.
1182 2179 1215 2207 et
1240 2177 1348 2206 auc-tt.

223 2244 482 2279 Perianthium
525 2243 738 2287 terminale,
781 2245 1017 2287 tubulosum,
1062 2255 1083 2279 a
1117 2243 1199 2279 basi
1234 2243 1292 2277 vel
1332 2242 1464 2277 saltem
1500 2238 1644 2283 apicem

126 2312 254 2336 versus
281 2303 678 2347 plicato-angulosum
706 2307 743 2338 et
767 2305 804 2338 in
831 2304 986 2339 lacinias
1012 2304 1174 2349 denique
1199 2306 1284 2338 3-6
1307 2303 1435 2337 fissum
1460 2303 1526 2334 aut
1550 2298 1641 2332 laci-

126 2360 292 2395 nulaturn
328 2362 662 2406 denticulatumve‚
700 2364 1044 2406 membranaceum,
1081 2364 1237 2398 liberum
1271 2372 1392 2406 neque
1425 2369 1509 2392 cum
1536 2357 1642 2390 invo-

126 2419 227 2454 lucro
262 2420 334 2455 nisi
369 2422 417 2455 ad
454 2422 583 2463 basin,
620 2433 701 2456 raro
728 2423 921 2467 exemplo,
956 2423 1230 2468 concretum*).
1281 2418 1469 2455 Involucri
1496 2417 1582 2452 folia
1609 2416 1644 2450 in

125 2479 311 2524 plerisque
337 2481 520 2521 discreta,
555 2480 639 2515 aliis
671 2493 792 2525 pauca
826 2481 985 2516 caulinis
1011 2480 1235 2524 conformia,
1270 2479 1354 2514 aliis
1378 2479 1486 2523 plura
1512 2475 1641 2511 imbri-

125 2541 210 2571 cata
242 2538 436 2575 difformia.
483 2540 663 2584 Calyptra
696 2541 852 2581 inclusa,
880 2541 1069 2575 rarissimo
1093 2551 1182 2575 casu
1209 2539 1437 2585 prominens.
1478 2536 1644 2581 Capsula

127 2606 245 2641 usque
272 2599 318 2632 ad
345 2599 453 2633 basin
481 2599 747 2644 quadrivalvis‚
776 2601 892 2634 firma.
941 2601 1111 2635 Elateres
1139 2600 1303 2643 fugaces,
1328 2597 1462 2633 mediis
1486 2593 1644 2630 valvulis

126 2654 254 2697 innati,
276 2656 418 2701 bispiri.
471 2658 644 2694 Stamina
663 2658 701 2693 in
721 2659 892 2694 foliorum
919 2659 1202 2695 involucralium
1225 2656 1538 2695 subconformium
1560 2652 1642 2688 basi

187 2790 220 2832 Ψ)
271 2792 397 2824 Pistilla
423 2794 531 2837 plura,
567 2795 768 2837 inaequalia.
817 2795 1054 2828 Perianthium
1089 2797 1203 2840 primo
1230 2797 1443 2827 incremento
1470 2793 1641 2829 annulare,

269 2840 402 2881 pistillis
429 2841 582 2881 brevius,
608 2844 762 2885 margine
791 2842 952 2874 dentibus
977 2852 1041 2883 tot,
1079 2852 1163 2886 quot
1197 2845 1227 2874 ei
1253 2843 1394 2873 laciniae
1423 2851 1494 2871 esse
1520 2840 1642 2876 solent,

271 2887 491 2927 insu-netum,
530 2888 692 2931 deinceps
717 2891 807 2922 ultra
832 2890 956 2933 pistilla
983 2901 1159 2933 assurgens
1185 2891 1417 2932 plicatumque
1446 2888 1640 2929 verticeque

272 2934 467 2972 connivens.
516 2935 573 2977 (ln
598 2937 627 2968 J.
653 2938 789 2970 barbata
816 2945 848 2970 et
873 2938 1088 2979 ventrieosa.)
1167 2935 1339 2969 Gvctsclze.
