1824 3252
758 165 996 199 Anthoceros.
1569 165 1639 195 583

220 279 418 323 vegetatio
445 277 630 316 frondosa,
657 277 1040 319 orbiculari-radiata,
1069 275 1373 318 laeera,subinde
1401 275 1518 317 magis
1545 274 1635 308 irre-

124 341 262 382 gularis
290 343 401 383 atque
428 338 650 371 dichotoma.

219 400 309 433 Vita
335 398 530 437 terrestris,
557 396 594 430 in
622 400 720 429 terra
749 395 847 428 nuda
876 395 1111 440 humidaque.

221 458 395 501 Species,
429 459 459 492 si
495 457 612 491 demis
645 456 782 490 dubias
809 461 845 490 et
872 467 1007 497 unam,
1045 459 1145 488 certo
1173 464 1195 487 a
1221 463 1354 496 genere
1381 453 1553 492 alienam,
1586 455 1639 493 16,

125 520 177 550 sie
204 518 446 551 distributae:
493 517 637 559 Europa
664 516 775 549 habet
800 518 834 556 4,
876 525 1032 560 quarum
1060 514 1157 547 duae
1184 511 1379 546 Americae
1413 511 1636 555 septentrio-

126 578 197 610 nali
234 582 269 610 et
303 576 558 616 meridionali,
606 575 718 608 Asiae
751 585 899 619 quoque
937 574 1129 614 calidiori,
1174 573 1304 607 Novae
1331 572 1559 606 Zeelandiae
1605 576 1642 605 et

125 637 318 670 Americae
343 637 506 669 maxime
532 634 685 668 australi
712 644 926 668 communes
962 634 1136 668 inventae
1171 636 1258 666 sunt
1291 631 1364 675 (A.
1385 636 1572 677 punctatus
1605 635 1642 664 et

124 696 270 740 laevis),
311 695 419 730 tertia
455 695 528 738 (A.
556 694 794 740 caespiticius)
828 693 1074 737 probabiliter
1109 693 1220 726 etiam
1257 692 1294 725 in
1323 690 1485 725 Canaria
1518 689 1641 723 insula

124 756 266 788 crescit.
326 755 385 788 Ex
425 754 575 798 reliquis
614 758 786 787 creseunt
824 753 862 786 in
903 753 1074 786 Ameriea
1115 752 1257 796 tropica.
1297 754 1340 791 7,
1390 751 1426 784 in
1469 750 1640 784 Amerina

124 813 401 856 septentrionali
435 817 477 853 2,
513 813 548 846 in
584 812 680 846 Java
714 812 837 846 insula
870 815 904 853 l,
953 823 1050 856 quae
1086 811 1197 844 etiam
1233 810 1271 844 in
1300 809 1409 844 Nova
1439 809 1641 844 Hollandia

123 872 234 906 obvia
261 876 328 913 est,
357 873 393 905 in
424 872 531 906 Nova
558 871 763 904 Zeelandia
794 874 822 911 l,
854 870 891 903 in
921 870 1030 904 Nova
1058 869 1259 904 Hollandia
1289 872 1318 902 l.

428 956 457 986 l.
508 953 831 987 Anthea-eros
858 950 1123 985 Bra-eutelio·
1150 949 1343 983 Gottsche.

223 1012 269 1045 A.
285 1010 418 1056 fronde
441 1012 555 1045 enervi
573 1009 796 1057 planiuscula
820 1009 1049 1043 subradiatim
1084 1008 1193 1042 incisa
1230 1006 1413 1041 latiuseula
1440 1008 1475 1040 in
1508 1007 1641 1040 mnbim

123 1071 344 1113 denticulata,
371 1071 508 1105 laciniis
532 1071 681 1105 obovalis
705 1069 892 1114 oblonyisve
915 1067 1141 1114 punctulatis,
1168 1066 1341 1100 involucro
1367 1065 1461 1099 brevi
1485 1063 1641 1098 herbacea

122 1142 178 1163 ore
203 1131 340 1163 dentato
367 1130 525 1171 bilobove,
551 1130 689 1176 capsula
714 1129 884 1163 subsessili
910 1128 1001 1161 brea-i
1026 1126 1215 1173 cylimlrica
1242 1127 1395 1159 incurva.

218 1188 352 1222 Variat
387 1189 541 1233 capsula
577 1189 692 1223 altero
727 1193 870 1222 tanturn
905 1187 1017 1219 latere
1047 1186 1137 1218 rima
1165 1184 1376 1218 dehiscente
1406 1189 1441 1216 et
1468 1182 1564 1216 binis
1593 1194 1638 1215 ex

123 1248 252 1281 codem
281 1248 472 1282 involucro
499 1248 662 1292 capsulis
691 1245 946 1281 nascentibus.

221 1306 263 1339 In
292 1312 414 1341 monte
447 1308 610 1352 quodam
639 1306 790 1341 Insulae
818 1304 872 1338 St.
903 1303 1034 1337 Crucis
1062 1313 1177 1346 prope
1206 1302 1460 1336 Friedenstlial
1490 1302 1534 1334 ad
1563 1305 1636 1334 ter-

123 1375 199 1397 rani
228 1366 317 1408 legit
346 1366 497 1399 Breutel
522 1366 616 1409 (Hb.
647 1367 691 1399 G.
719 1363 861 1407 et*N.).

222 1425 284 1458 Est
319 1425 463 1468 speeies
499 1424 782 1459 distinctissima
815 1421 980 1466 capsulis
1011 1423 1120 1463 1-1ὲ
1148 1421 1211 1455 lin.
1240 1420 1359 1463 longis
1391 1420 1525 1454 crassis
1552 1431 1634 1454 eor-

122 1483 341 1518 nit'ormibus
375 1484 519 1518 obtusis
554 1484 679 1523 fuscis,
714 1483 751 1517 in
787 1482 927 1516 ambitu
964 1480 1147 1514 frondium
1175 1480 1465 1522 exsurgentibus
1492 1480 1638 1513 brevis-

121 1542 211 1576 sime
238 1544 470 1587 pedieellatis
497 1543 774 1577 subsessilibus.
827 1542 957 1581 From,
974 1541 1036 1573 ubi
1065 1540 1185 1573 minus
1211 1539 1393 1583 profunde
1418 1538 1539 1572 divisa
1571 1543 1637 1577 est,

123 1601 283 1635 Blasiam
321 1603 443 1645 fingit,
499 1606 700 1636 occurrunt
738 1606 861 1635 autem
901 1600 995 1634 aliae
1032 1598 1253 1643 profundius
1307 1598 1450 1632 divisae
1492 1597 1638 1631 laciniis

120 1660 288 1703 oblongis
316 1662 537 1705 lobatisque.
589 1661 756 1694 'rextura
792 1665 849 1694 est
875 1659 998 1694 tenuis
1026 1664 1062 1692 et
1088 1658 1216 1692 mollis.
1271 1657 1422 1692 Semina
1450 1657 1486 1689 iu
1514 1660 1638 1690 nostro

120 1720 323 1762 specimine
350 1720 472 1754 omnia
497 1720 663 1762 dispersa
691 1724 790 1753 sunt.

216 1780 291 1814 Ubi
320 1780 395 1814 bini
424 1790 471 1814 ex
499 1779 629 1814 eodem
656 1779 849 1813 involucro
876 1777 1043 1810 oriuntur
1070 1776 1232 1817 fruetus,
1267 1776 1495 1810 involucrum
1525 1772 1638 1806 multo

122 1838 272 1872 brevius
299 1844 355 1873 est
380 1844 415 1873 et
443 1839 614 1883 amplius,
642 1843 819 1882 tanquam
849 1837 944 1870 vallo
970 1835 1205 1869 circumdans
1232 1835 1418 1879 capsulas.

202 1934 229 1975 ξ.
262 1937 290 1967 l.
342 1934 612 1968 Euanthoceros.
665 1932 864 1966 Endlieher
893 1931 980 1965 Gen.
1004 1943 1040 1976 p.
1070 1933 1173 1964 1:337.
1225 1929 1343 1963 Frons
1369 1933 1548 1963 ecostata.

455 2008 488 2039 2.
540 2004 865 2039 Anthoeeros
885 2002 1182 2047 punctatum
1211 2001 1319 2034 Limz.

215 2076 263 2110 A.
289 2075 420 2122 fronde
453 2076 565 2110 enervi
602 2075 769 2109 circulari
803 2073 983 2108 turbinata
1019 2074 1158 2107 sinuata
1197 2072 1421 2112 Ιαοίηἱαταυε,
1460 2070 1637 2117 superficie

114 2135 514 2181 papuloso-reticulata‚
540 2135 713 2169 involucro
739 2133 891 2167 nebuloso
917 2139 1075 2167 truncato
1101 2144 1159 2166 ore
1183 2131 1343 2165 scarioso.

312 2195 529 2227 Auffloceros
564 2204 744 2238 punctatus
789 2194 836 2227 N.
862 2192 905 2226 ab
932 2193 979 2227 E.
1016 2193 1107 2238 Heli.
1146 2191 1236 2224 Eur.
1272 2190 1342 2224 IV.
1372 2201 1410 2234 p.
1448 2188 1636 2223 LXVIII.

396 2256 469 2287 328
501 2260 532 2287 et
558 2256 640 2287 338.
667 2265 705 2287 η.
730 2256 766 2287 2,
820 2252 953 2298 Taylov·
986 2251 1080 2297 Hep.
1117 2255 1266 2283 amaret.
1299 2249 1337 2281 in
1372 2248 1482 2283 Loncl.
1510 2247 1636 2282 Journ.

396 2313 440 2358 (ff
465 2313 530 2347 bot.
574 2315 680 2347 1844.
727 2315 810 2346 481.
847 2323 882 2344 η.
915 2313 975 2345 66.
1007 2317 1038 2344 et
1070 2322 1108 2355 11.
1143 2311 1225 2343 576.
1259 2320 1293 2341 η.
1326 2310 1384 2341 51.
1436 2307 1550 2341 Hook.
1572 2307 1635 2351 fil.

396 2378 506 2418 crypt.
533 2372 598 2406 bot.
625 2371 668 2416 of
686 2371 740 2404 tlte
765 2375 914 2404 antaret.
941 2381 1012 2415 voy.
1035 2381 1072 2414 p.
1099 2371 1156 2401 56.
1184 2380 1218 2401 u.
1250 2370 1278 2400 1.

203 2444 237 2471 cc,
263 2442 478 2472 cavernosus,
516 2431 638 2463 fronde
675 2441 783 2461 crassa
820 2430 968 2461 lobulata
1004 2437 1035 2460 et
1071 2428 1294 2464 denticulata,
1335 2426 1478 2468 capsulis
1513 2427 1637 2457 crassi-

264 2492 386 2522 nsculis
421 2492 534 2522 fuscis.

401 2550 446 2583 N.
472 2548 515 2583 ab
542 2548 588 2582 E.
617 2548 638 2581 l.
664 2561 691 2582 e.
712 2560 750 2594 p.
777 2549 859 2581 338.

401 2609 618 2640 Anthoceros
656 2616 835 2651 punctatus
886 2606 993 2639 Linn.
1034 2605 1095 2650 Sp.
1127 2603 1177 2649 pl.
1220 2603 1272 2636 11.
1305 2615 1343 2649 p.
1386 2605 1488 2636 1601.
1529 2616 1562 2636 n.
1608 2606 1634 2635 l.

455 2667 622 2702 Lindenh.
660 2667 750 2712 Hep.
787 2666 876 2699 Eur.
905 2677 942 2711 p.
982 2666 1059 2698 1t3.
1095 2676 1128 2696 η.
1156 2666 1189 2696 2.
1241 2661 1343 2696 Flor.
1372 2662 1467 2696 Dan.
1501 2668 1525 2695 t.
1553 2665 1635 2696 396.

456 2727 577 2772 BIouy.
604 2734 637 2762 et
663 2725 775 2761 Nestl.
803 2725 857 2760 Sc,
883 2738 931 2759 er.
965 2723 1188 2769 Voy.-Rlaen.
1216 2723 1284 2757 VI.
1310 2735 1343 2757 n.
1371 2725 1452 2757 538.

242 2786 305 2824 αἲξ,
332 2798 570 2832 monocarpus,
605 2787 726 2819 fronde
764 2787 904 2828 exigua,
941 2785 1072 2828 capsula
1112 2785 1240 2825 singula
1268 2783 1474 2814 subcentrali
1501 2795 1634 2815 sursum

325 2848 515 2878 incrassata.

401 2904 447 2937 N.
474 2904 516 2937 ab
545 2905 590 2938 E.
620 2905 641 2939 l.
668 2918 697 2940 e.
720 2918 758 2950 p.
785 2907 865 2938 ³339.
