1824 3252
153 233 226 266 746
765 224 1079 269 omphalauthus.

653 336 1197 392 omphalanthus.

252 424 458 459 character
484 419 632 463 generis
660 428 708 451 ex
737 417 781 451 O.
801 418 1000 464 filiformi‚
1031 419 1189 462 flemina,
1223 416 1409 463 sulphureo
1435 420 1472 449 et
1496 413 1696 449 umbilicato

155 482 409 527 compositus,
455 484 587 525 postea
622 477 668 512 Ο.
699 480 902 525 pter-oynnio
934 479 1092 523 eiusque
1133 477 1305 512 affinibus
1344 475 1592 520 amplificatus
1626 479 1695 515 cst,

155 543 257 576 unde
273 552 371 575 nunc
396 538 690 582 „Perianthium
714 539 822 583 apice
843 539 979 574 obtuse
1000 538 1256 582 subplicatum
1278 537 1336 571 vel
1358 534 1696 581 quinquangulum,

155 601 295 645 ubique
320 600 453 634 tubulo
480 609 597 644 parvo
623 603 905 641 mucronatum‚
933 604 1020 643 post
1055 599 1216 633 fructum
1242 607 1435 642 egressum
1462 607 1526 630 ore
1553 595 1694 629 inciso-

154 661 319 695 lacerum
347 660 555 695 secundum
583 658 784 703 periantbii
812 658 1147 694 conformationem
1184 658 1224 693 in
1259 657 1343 692 aliis
1377 656 1498 700 magis
1525 655 1631 690 hians
1658 654 1697 688 in

158 720 240 755 aliis
267 720 413 754 laciniis
440 719 812 755 inflexo-involutis“
849 719 1061 763 legendum.

251 780 409 824 Species
444 780 517 814 huc
552 779 774 813 referendae
800 784 890 814 sunt
922 780 970 821 (si
1000 778 1301 825 Omphalantleum
1334 776 1591 811 lumbricoz'dem
1625 775 1694 809 ad-

154 842 342 885 numeres)
380 844 435 881 13,
471 850 629 885 quarum
668 851 742 874 una
777 850 876 874 nova
909 851 930 874 e
956 839 1066 874 terris
1095 838 1331 879 Maximinis,
1368 842 1406 871 et
1438 837 1537 871 duae
1571 848 1591 871 e
1619 836 1695 870 Co-

153 902 320 936 lumbiae
358 900 569 935 Provinciis
614 900 765 934 adlatae
804 904 914 941 sunt;
964 910 1042 933 una
1085 900 1121 932 in
1163 898 1303 932 Insulis
1342 896 1511 942 pacificis
1548 896 1697 938 crescit,

154 962 336 1006 quintam,
365 972 479 1006 quam
507 961 579 994 huc
606 961 834 1004 subiungere
861 959 988 994 conati
1015 970 1158 1001 sumus,
1185 970 1205 993 e
1232 958 1328 992 Java
1358 957 1485 992 attulit
1512 957 1658 991 Blume.

157 1068 194 1100 p.
221 1059 306 1091 304.
405 1058 441 1088 2.
497 1053 1225 1102 Omphalanthusfilvjformis
1253 1051 1300 1085 N.
1330 1051 1376 1085 ab
1404 1051 1447 1085 Ε.

251 1127 361 1161 Adde
389 1127 519 1161 variet.
549 1136 583 1161 S:
611 1127 865 1171 ampliigastriis
893 1129 1098 1166 minoribus,
1125 1129 1299 1171 plerisque
1327 1125 1517 1168 subplauis.

155 1186 292 1221 Forma
330 1187 440 1232 quasi
487 1186 713 1221 intermedia
756 1186 853 1221 inter
898 1187 942 1221 0.
972 1186 1229 1233 yeminiflwum
1269 1191 1306 1220 et
1333 1184 1566 1231 filg'formem,
1612 1183 1698 1218 huic

155 1252 279 1281 tamen
307 1248 428 1291 magis
456 1246 654 1281 accedens.

252 1307 415 1341 Habitat
447 1307 484 1341 in
520 1306 722 1341 Columbia
757 1306 805 1340 ad
842 1306 979 1350 Caripe
1016 1311 1054 1341 et
1088 1306 1256 1341 Caracas
1290 1305 1459 1349 (Moritz.
1495 1305 1574 1340 Hb.
1605 1305 1697 1349 Reg.

158 1368 282 1402 Berol.
311 1379 346 1402 n.
380 1371 460 1403 153.
489 1369 545 1411 b.‚
573 1368 651 1403 Hb.
679 1367 830 1402 Kohlm.
859 1377 895 1400 n.
923 1366 1001 1409 89).

155 1474 191 1506 p.
218 1465 303 1496 305.
403 1466 425 1496 3
446 1463 482 1497 b.
528 1460 958 1506 Omphalanthus
981 1460 1274 1506 gracilipes
1299 1460 1448 1503 Taylor.

254 1535 299 1569 Ο.
328 1534 424 1569 caule
448 1533 666 1580 subdispcrso
692 1533 798 1568 clfbili
818 1531 1063 1579 procumbente
1095 1544 1248 1574 ramoso,
1274 1532 1381 1578 soliis
1406 1531 1482 1566 laxe
1506 1529 1701 1565 imbricatis

151 1595 352 1641 patentibus
386 1594 454 1628 late
479 1594 632 1639 oblonyz's
664 1593 794 1628 obtusis
824 1594 1080 1638 inteyerrimis,
1116 1592 1227 1626 [obulo
1252 1600 1351 1627 ovato
1374 1593 1508 1626 tumido
1532 1590 1697 1631 involuto,

155 1654 420 1701 ampliiyastriis
467 1654 656 1688 maioribus
698 1655 850 1688 cordatis
894 1652 1187 1698 sinuato-bifidis
1233 1654 1415 1699 seymentiS
1454 1651 1697 1697 intrqyerrimis,

150 1715 351 1761 periantliio
377 1716 514 1749 demum
541 1714 685 1749 laterali
708 1728 725 1749 e
752 1714 827 1748 basi
847 1713 1048 1759 yracillz'ma
1074 1712 1306 1746 oblanceolato
1329 1712 1417 1747 laevi
1434 1712 1570 1758 inflato,
1597 1722 1700 1757 quam

150 1776 405 1821 perichactinm
432 1774 537 1821 triplo
564 1775 726 1820 [nussim-i,
754 1775 848 1821 apice
873 1775 1028 1821 depresso
1054 1774 1213 1819 elonyate
1243 1773 1405 1820 tubifero.

352 1836 630 1880 Omplialanihns
658 1838 840 1878 gracilipes
870 1834 974 1880 Tayl.
1001 1834 1199 1880 NouHep.
1227 1835 1265 1868 in
1286 1833 1542 1868 Londffomvn.
1570 1831 1614 1877 of
1633 1832 1699 1866 bot.

440 1898 544 1929 1846.
566 1907 605 1941 p.
633 1898 717 1929 385.
745 1907 779 1928 n.
810 1897 841 1929 l.

254 1954 418 1988 Habitat
443 1954 480 1988 in
512 1955 649 1989 [usulis
677 1954 844 1999 pacificis
870 1954 1135 1998 (Nightingale
1163 1955 1199 1989 in
1232 1952 1308 1990 Hb.
1337 1954 1444 1998 Hk.).

254 2014 453 2057 Caespites
479 2014 556 2048 laxi
586 2019 623 2048 et
652 2019 835 2057 vagantes
861 2014 959 2047 inter
986 2015 1154 2054 Muscos,
1182 2014 1312 2058 pallidi
1341 2014 1400 2047 vel
1426 2010 1699 2055 albido-susci.

159 2071 284 2106 Caules
319 2073 492 2116 pollicem
529 2073 657 2117 paullo
692 2072 934 2107 excedentes.
987 2073 1093 2106 Folia
1128 2073 1402 2106 subimbricata
1435 2070 1605 2115 patentia
1639 2070 1699 2103 vel

157 2133 344 2168 interdum
383 2133 490 2176 apice
524 2133 692 2175 deflexa,
733 2133 934 2166 rotundata
969 2133 1025 2166 vel
1049 2133 1290 2167 obtusissime
1321 2132 1523 2176 angulata,
1565 2140 1699 2174 parum

157 2203 351 2234 convexa,
380 2194 514 2227 areolis
540 2193 700 2236 magnis.
752 2192 887 2226 Lobuli
917 2203 1015 2236 apex
1045 2193 1133 2227 solio
1161 2193 1386 2237 adpressus,
1420 2190 1488 2226 sed
1518 2191 1619 2224 basis
1646 2195 1701 2224 est

157 2253 326 2287 involuta
354 2257 392 2286 et
418 2253 576 2287 tumida.
628 2253 733 2287 Folia
755 2252 988 2286 incolum-alia
1023 2254 1185 2287 caulinis
1212 2253 1380 2295 minora,
1416 2255 1560 2292 erecta,
1596 2250 1695 2295 peri-

159 2313 278 2347 antliii
318 2312 402 2347 basi
439 2313 543 2347 tenui
581 2313 836 2347 subcurvatae
876 2313 1070 2357 adpressa.
1141 2312 1347 2347 Periantlcii
1385 2312 1499 2346 tubus
1542 2310 1698 2355 apicalis

157 2378 350 2415 curvatus,
378 2373 551 2407 visibilis.

255 2433 298 2468 Si
324 2434 561 2468 characteres
579 2433 774 2477 genericos
800 2433 1026 2477 neglexeris,
1048 2431 1219 2467 habitum
1234 2431 1314 2479 Lej.
1333 2429 1582 2480 serpyllffoliae
1607 2440 1698 2474 prae

158 2506 198 2530 se
226 2494 297 2529 fert
323 2499 451 2530 nostra
478 2494 620 2539 planta.
674 2493 830 2538 (Taylor
855 2493 879 2528 1.
908 2494 960 2534 c.)

158 2597 194 2631 p.
220 2588 305 2621 306.
547 2590 583 2622 5.
635 2586 1063 2631 Omphalanthus
1090 2586 1296 2622 debilis.

255 2647 356 2690 Lege
382 2648 419 2681 in
446 2647 670 2690 diagnoseos
697 2647 794 2681 linea
821 2646 1054 2691 penultima:

257 2706 491 2752 „perianthiis
522 2705 824 2754 sulffasciculatim
857 2708 895 2740 in
927 2719 1027 2740 ‘ramo
1062 2705 1238 2752 dispositis
1268 2704 1390 2751 parvis
1422 2703 1573 2750 oblonyis
1593 2704 1695 2750 pyri-

145 2765 344 2811 sormibus,
379 2779 516 2801 sursum
541 2773 641 2801 acute
664 2765 956 2813 quinquanyulis,
994 2765 1133 2810 anyulis
1157 2765 1313 2800 cristatiS
1336 2765 1486 2799 dentatis
1509 2776 1694 2799 mucronu—

158 2825 253 2868 latis,
274 2833 395 2872 postea
420 2826 747 2873 cyathg’formibusf‘

232 2900 266 2930 σε,
302 2887 486 2932 oriyinalis
511 2888 577 2932 (ex
607 2887 684 2922 Ins.
703 2888 757 2922 St.
774 2884 982 2927 vincentii,
1010 2883 1326 2927 aLindenbergio
1350 2883 1374 2918 l.
1393 2895 1426 2918 c.
1454 2882 1694 2927 descriptus).

303 2960 326 2980 α
353 2949 386 2989 ³⁵,
413 2946 698 2986 Liebmanianus‚
730 2947 923 2982 involucro
946 2946 1060 2990 paulo
1085 2945 1279 2987 recedens,
1303 2943 1523 2988 ceteroquin
1544 2953 1589 2977 ac
1605 2942 1642 2976 in
1656 2955 1691 2977 a.

303 3007 391 3048 «με,
418 3010 532 3052 paullo
558 3010 677 3051 laxior,
705 3009 794 3040 soliis
820 3006 1028 3040 minoribus.
