1824 3252
684 137 981 181 Phragmicoma.
1521 146 1590 176 293

83 253 198 286 valvis
226 250 589 293 erecto—patentibus
669 250 834 284 Elateres
861 250 898 284 in
924 250 1093 293 apicibus
1121 251 1311 285 valvarum
1340 253 1593 295 persistentes,

84 310 207 349 erecti,
235 309 402 353 unispiri.
456 309 730 353 Amphigastria
757 309 901 352 integra
926 307 1012 351 (nec
1039 308 1149 343 bifida
1176 315 1239 343 aut
1264 310 1485 356 bidentata).

180 368 280 402 Folia
309 368 440 402 subtus
468 368 513 401 ad
542 367 648 402 basin
675 368 813 402 inflexa
840 368 948 412 (plica
976 369 1031 403 vel
1060 367 1180 403 sinulo
1206 369 1401 413 praedita).

180 428 335 461 Plantae
364 428 578 471 rupincolae
607 432 670 460 aut
696 427 914 468 corticolae‚
955 426 1170 471 pulvinatae
1204 439 1223 460 e
1250 428 1355 461 caule
1381 428 1477 462 infra
1510 439 1589 462 am-

83 486 284 529 phigastria
324 490 362 519 et
396 497 442 519 ex
483 485 831 529 amphigastriorum
867 486 978 520 dorso
1017 489 1210 529 repentes,
1256 486 1494 521 inordinatim
1530 492 1594 522 aut

82 545 361 579 subdichotome
388 545 543 586 ramosi,
580 543 690 577 ramis
720 545 774 588 (ut
800 544 836 578 in
865 544 1028 589 reliquis)
1056 543 1150 578 infra
1176 544 1263 578 folia
1290 555 1310 578 e
1336 545 1454 580 caulis
1478 547 1593 581 latere

83 605 236 638 ventrali
265 604 504 638 nascentibus
531 602 711 646 rigidulis.

177 664 306 697 Genus
358 674 377 696 a
417 662 598 706 Lejeunia
647 662 822 695 differens
871 661 1079 705 perianthio
1130 663 1186 696 vel
1239 673 1259 696 a
1311 667 1414 707 tergo
1463 663 1522 698 vel
1572 675 1593 697 a

83 723 197 757 latere
225 722 341 764 magis
374 721 542 754 minusve
575 730 786 764 compresso
826 731 944 764 neque
979 721 1154 764 angulato
1189 726 1254 755 aut
1286 722 1520 766 cylindraceo
1558 727 1593 756 et

82 781 357 825 amphigastriis
393 782 429 815 in
471 780 573 814 nulla
610 779 816 823 specierum
846 779 1077 822 cognitarum
1117 779 1338 822 bidentatis‚
1377 782 1593 825 plerumque

81 840 297 874 orbiculatis
341 844 406 872 aut
449 837 668 872 reniformi-
691 838 1025 880 transversalibus,
1078 844 1156 873 tum
1194 844 1231 873 et
1270 843 1413 874 statura
1454 839 1593 873 maiore

81 897 321 941 firmioreque.

177 955 400 990 Distributio
422 954 681 998 geographica.
720 954 875 998 Species
898 954 1078 988 habemus
1095 958 1152 989 23.
1195 955 1378 1002 Crescunt
1396 967 1443 991 ex
1464 957 1592 991 harum

82 1024 252 1048 numero:
290 1015 325 1047 in
354 1014 502 1058 Europa
529 1012 763 1057 (Britannia)
792 1016 827 1053 1;
852 1013 889 1046 in
918 1012 1090 1047 America
1116 1013 1258 1057 tropica
1283 1018 1324 1055 9,
1352 1015 1533 1056 (Brasilia
1558 1020 1591 1056 4,

80 1073 243 1106 Peruvia
269 1076 311 1112 2,
352 1083 507 1117 quarum
543 1083 615 1105 nna
643 1076 677 1105 et
699 1071 736 1105 in
767 1072 927 1106 Brasilia
955 1073 1108 1113 crescit,
1137 1072 1289 1106 Mexico
1319 1076 1357 1115 1,
1385 1073 1531 1107 Guiana
1558 1078 1593 1112 3.

78 1142 234 1175 quarum
260 1135 283 1165 2
309 1136 345 1165 et
371 1132 407 1165 in
435 1131 641 1173 Jamaica);
678 1130 714 1163 in
743 1131 832 1164 Asia
860 1131 1003 1175 tropica
1032 1134 1070 1164 ll
1102 1131 1214 1174 (Pulo
1243 1131 1399 1174 Penang
1423 1136 1467 1173 3,
1504 1133 1590 1166 Ma-

79 1191 165 1225 dtas
196 1195 226 1231 1,
252 1191 348 1224 Java
376 1194 435 1235 6);
462 1191 499 1223 in
521 1190 778 1225 Promontorio
798 1192 925 1224 Bonae
943 1191 1030 1234 Spei
1064 1194 1101 1232 13
1127 1191 1164 1224 in
1190 1191 1320 1225 Insula
1336 1189 1491 1224 Norsolk
1514 1194 1543 1225 l.

80 1297 108 1337 §.
140 1298 169 1328 l.
212 1295 341 1341 Typas.
387 1293 643 1328 Periantliium
663 1305 684 1327 a
709 1298 813 1337 tergo
830 1305 1096 1338 compressum,
1127 1298 1251 1329 ventre
1278 1295 1457 1334 carinato,
1483 1293 1591 1328 dorso

79 1352 192 1392 laevi,
233 1363 295 1386 ore
337 1352 516 1386 bilabiato
558 1352 862 1397 marginibusque
899 1352 1020 1387 nudis.
1088 1353 1301 1388 Pedicellus
1340 1354 1514 1397 capsulae
1553 1353 1588 1386 in

581 1412 706 1455 planta
735 1411 927 1446 exsiccata
954 1411 1084 1446 laevis.

355 1499 385 1530 1.
436 1497 846 1541 Phraymieoma
871 1496 1110 1531 mackaii
1140 1495 1315 1530 Dumort.

173 1566 264 1599 Phr.
290 1567 384 1600 caule
408 1573 546 1612 repente
571 1579 651 1611 voye
677 1578 810 1599 ramoso
835 1572 999 1605 curvato,
1023 1565 1129 1610 foliis
1159 1565 1351 1599 imbricatis
1374 1564 1592 1599 szcbrotmedis

72 1623 298 1668 planiusculis
314 1624 440 1659 obtusis
457 1626 689 1669 &limem-imis
705 1623 823 1658 subtus
838 1623 1218 1669 sinuato-complicatis,
1236 1623 1346 1658 {obulo
1361 1625 1593 1669 diversgff'ormi

77 1684 215 1716 incurvo
245 1684 401 1728 maryine
432 1684 650 1727 inte-(serrium
684 1682 738 1716 vel
770 1684 816 1716 ad
847 1683 976 1729 apicem
1013 1681 1032 1716 1
1046 1681 1102 1716 -2
1111 1684 1295 1725 -dentato,
1332 1683 1592 1728 αιημήιζᾳαεινίίε

77 1741 304 1787 subcontiyuis
336 1742 404 1776 late
427 1741 629 1775 orbiculatis
653 1741 843 1775 obovatisve
869 1741 1054 1775 subt-etusis
1083 1740 1199 1786 planis
1224 1741 1466 1786 inteyerrimis,
1488 1743 1587 1787 peri-

77 1800 207 1834 antlaeiis
238 1813 260 1834 a
285 1808 376 1845 terqo
401 1802 565 1847 depressis
588 1799 839 1834 subobeordatis
872 1801 970 1833 dorso
995 1799 1274 1845 mmyinibusque
1307 1800 1452 1834 lam-ibus
1473 1807 1591 1834 ventre

76 1860 254 1894 carinatis.
308 1860 467 1893 Gottselze
494 1859 548 1894 Ic.
577 1859 653 1905 qu.
681 1858 754 1892 Ill.
780 1861 815 1893 2.
1354 1853 1357 1855 μ

264 1918 527 1960 Phragmicoma
573 1916 717 1950 Mackaii
766 1917 932 1951 Dumort.
974 1917 1105 1952 C'tmzm.
1152 1917 1236 1951 Boc.
1280 1930 1318 1963 p.
1363 1921 1439 1952 ¹12.
1501 1918 1588 1965 Syll.

349 1975 531 2020 szyerm.
557 1988 592 2022 p.
619 1978 677 2009 35.
706 1988 741 2010 n.
776 1979 828 2011 ll.
856 1983 880 2010 t.
911 1977 995 2021 l.f.
1023 1981 1057 2011 4.
1109 1977 1155 2010 N.
1170 1976 1213 2010 ab
1228 1977 1272 2010 E.
1301 1977 1588 2022 Hep.Em·.111.

345 2047 380 2079 p.
407 2037 491 2069 249.
516 2046 551 2068 n.
584 2037 611 2068 Ι.
642 2034 710 2069 IV.
733 2046 771 2080 p.
800 2034 883 2068 LX.

264 2095 532 2135 Jungermannia
559 2091 706 2126 Mackaii
735 2093 847 2127 Hook.
877 2093 977 2127 Brit.
1004 2094 1185 2137 Junyerm.
1212 2101 1236 2126 t.
1263 2093 1478 2137 53.E215sl.
1507 2094 1588 2127 Bor.

349 2158 374 2186 t.
408 2155 515 2186 2573.
566 2152 731 2186 Lindenb.
771 2152 861 2198 Hep.
899 2152 990 2186 Eur.
1022 2164 1057 2197 p.
1093 2155 1150 2186 20.
1186 2165 1220 2185 η.
1255 2156 1289 2186 9.
1341 2152 1493 2197 llffaclmy
1530 2151 1587 2185 Fl.

350 2209 437 2244 Hib.
463 2211 516 2244 II.
537 2223 575 2256 p.
602 2214 661 2245 66.
686 2223 721 2244 n.
749 2213 808 2245 68.

174 2267 332 2303 Habitat
357 2267 403 2302 ad
430 2269 547 2303 latera
569 2269 794 2303 verticaliter
821 2269 977 2303 declivia
1006 2273 1043 2303 et
1064 2268 1214 2302 humida
1236 2268 1394 2312 rupium,
1421 2269 1588 2313 inprimis

77 2326 339 2367 calcarearum,
367 2327 528 2361 subinde
556 2328 601 2361 ad
629 2332 783 2362 truncos
810 2328 983 2362 arborum
1011 2332 1047 2362 et
1072 2328 1109 2362 in
1137 2327 1226 2372 ripis
1248 2328 1458 2371 praeruptis
1485 2328 1585 2362 rivu-

77 2388 196 2420 lorum
223 2391 481 2421 montanorum
507 2386 727 2428 Hiberniae,
753 2386 904 2421 Scotiae
929 2390 965 2420 et
991 2386 1160 2430 Angliae.

171 2445 331 2479 Plantae
357 2446 453 2480 aliae
478 2444 669 2480 monnicae
696 2448 802 2486 sunt,
837 2445 934 2479 aliae
959 2445 1116 2480 dioicae.
1171 2444 1357 2479 Foliorum
1385 2445 1497 2479 lobuli
1528 2446 1583 2479 vel

76 2503 313 2547 integerrimi,
341 2505 398 2539 vel
426 2504 569 2548 apicem
599 2515 726 2538 versus
757 2507 800 2537 1-
819 2504 1032 2539 2-dentati.

214 2599 251 2630 2.
301 2596 710 2642 Phraymicoma
739 2594 1156 2631 cuillemimana
1188 2594 1235 2629 N.
1263 2598 1300 2629 et
1325 2595 1443 2630 Mont.

172 2664 262 2698 Pltr.
297 2666 391 2700 caule
415 2668 629 2701 adscendente
653 2666 840 2701 dichotomo
855 2666 1067 2712 fastiyiaw,
1090 2666 1195 2712 foliis
1224 2666 1414 2699 imbricatis
1437 2664 1587 2698 dez-urvis

75 2723 182 2755 acatis
215 2722 449 2758 obtusiuseulis
483 2726 579 2771 apice
614 2724 838 2772 subrepandis
871 2724 944 2759 basi
976 2725 1093 2759 subtus
1129 2731 1222 2758 arete
1245 2723 1454 2769 complicatis
1478 2721 1587 2754 (obedo

76 2787 171 2813 arato
206 2780 277 2814 basi
300 2783 420 2827 inflato
445 2783 674 2826 denticulato,
706 2784 965 2831 ampliiyastriz‘s
997 2783 1187 2818 imbricatis
1221 2780 1504 2815 transversalibus
1525 2792 1581 2813 re-

75 2842 408 2874 earvawaeonveoeis
443 2841 559 2876 subtus
595 2844 631 2877 in.
665 2843 773 2877 medio
801 2842 1163 2889 plicato—ventricosis
1203 2840 1386 2874 subrewsis
1418 2837 1587 2883 obiter-qve
