1824 3252
741 158 982 204 Plagiochila.
1552 159 1623 191 647

104 274 396 318 sexangulares,
424 273 612 317 aequales.
665 273 932 319 Awipliiyastria
958 283 1041 306 cum
1070 275 1225 316 utroque
1255 271 1340 306 solio
1366 271 1422 305 vel
1450 270 1485 304 in
1510 270 1621 304 inno-

102 333 316 369 vationibus
343 343 426 366 cum
455 332 570 366 altero
597 335 741 365 tantum
769 336 942 374 connata,
970 331 1070 365 tenui
1093 331 1206 366 limbo
1233 331 1269 364 in
1297 331 1383 364 folia
1395 319 1623 369 ’dewi-runt,

104 394 201 427 unde
235 392 336 426 basis
370 402 496 425 eorum
532 391 761 434 emarginata
797 397 971 435 apparet3
1009 392 1126 425 forma
1160 391 1207 424 ad
1244 390 1423 424 rationem
1458 387 1623 421 dentium

104 453 318 493 variabilis,
355 452 532 495 pleraque
568 450 700 490 bifida,
737 451 906 493 margine
939 450 1082 484 laterali
1120 461 1194 484 uno
1229 450 1391 483 alterove
1426 448 1536 481 dente
1563 447 1621 480 in-

106 516 268 551 structa,
310 511 569 555 patentissima
606 510 662 543 vel
703 509 1165 553 patentissimo-reflexa.
1229 509 1308 543 Sub
1347 506 1624 551 ampliigastriis

107 578 209 605 torus
237 570 494 604 radice-Harum
530 569 646 602 adest.
699 569 810 603 Color
843 569 1012 603 foliorum
1046 574 1082 603 et
1109 568 1456 612 amphigastriorum
1482 565 1626 609 (emor—

106 630 293 672 tuorumP)
322 629 469 670 fuscus,
498 629 709 662 summitate
737 628 879 663 viridis.
931 628 1066 662 Ramus
1080 627 1259 673 fructifer
1284 637 1421 672 parvus
1448 624 1625 665 lateralis,

105 688 219 722 ternis
255 689 312 721 vel
348 688 538 732 quaternis
570 688 721 731 paribus
750 688 921 721 foliorum
948 687 1111 722 ovalium
1138 687 1308 722 vestitus.
1360 673 1464 720 Foiia
1478 683 1627 730 floralia

106 756 143 783 et
168 748 396 783 imolavi-alia
424 748 542 790 magis
569 748 729 789 oblonga
756 748 988 790 marginibus
1024 747 1153 780 leviter
1189 746 1374 790 repanda,
1411 741 1625 787 ceteroquin

105 809 331 846 conformia,
360 807 625 850 amphigastria
653 805 794 839 floralia
822 807 980 848 oblonga
999 832 1006 845 ‚
1037 806 1146 839 bifida
1175 805 1220 838 ad
1250 806 1267 844 ὲ
1298 809 1439 848 partem
1467 808 1503 836 et
1529 803 1626 836 ultra

105 869 203 908 fissa,
232 872 386 910 utroque
415 866 578 908 margine
606 866 716 899 dente
744 866 885 899 minore
911 871 1067 899 armata.
1120 865 1370 898 Perianthium
1389 872 1623 907 compresso-

106 927 411 970 eampanulatum
439 935 502 957 ore
532 925 710 958 bilabiato
737 925 928 957 crenulato
956 925 1041 966 (non
1063 924 1220 968 alatum)
1250 925 1475 963 immersum,
1501 921 1627 965 paullo

109 985 258 1019 brevius
284 995 394 1029 quain
426 985 511 1017 solia
540 984 798 1024 involucralia‚
826 983 890 1016 sed
918 982 1081 1016 iuvenile
1108 988 1250 1016 tantum
1279 983 1449 1015 vidimus.

106 1078 141 1110 p.
168 1069 226 1101 51.
330 1071 377 1100 69
395 1078 425 1099 c.
464 1066 804 1111 Flayiochila
831 1066 1285 1111 chiloscyphomea
1314 1065 1432 1107 Ldbg.

203 1126 264 1159 Pl.
292 1126 385 1159 caule
410 1133 546 1171 ‘repente
571 1125 786 1165 submmoso,
811 1125 916 1170 jbliis
948 1125 1200 1158 subimbricatis
1231 1120 1628 1158 semi-subverticalibus

105 1187 262 1219 rotundis
310 1186 463 1219 convexis
509 1186 663 1228 mmyine
706 1184 837 1218 dorsali
879 1184 1018 1228 reflexis
1066 1183 1319 1227 inteyerrimis‚
1370 1182 1629 1228 ampltiyastriis

105 1245 310 1278 distantibus
342 1244 458 1278 liberis
487 1246 610 1290 parvis
643 1244 751 1277 ovatis
782 1243 937 1287 mmyine
971 1241 1245 1275 submziclentatis
1277 1242 1453 1287 bipartitis
1490 1241 1628 1274 laciniis

105 1304 274 1338 subulam
289 1305 468 1350 fleawosz's,
485 1304 615 1348 fimeta
642 1305 675 1335 ίη
702 1303 811 1335 ‘ramis
837 1301 1021 1334 rantuli-sve
1046 1300 1233 1340 terminali,
1254 1301 1453 1346 periantlcio
1473 1302 1628 1345 elonyato

105 1363 236 1409 oblique
259 1363 397 1396 obaz-ato
422 1363 519 1408 apice
543 1362 691 1395 dilatato
724 1362 864 1394 incurvo
888 1361 1035 1393 rotundo
1061 1360 1235 1394 bilabiato.

297 1424 501 1466 Plagiochila
530 1421 829 1465 clriloscyphoidea
857 1419 1026 1453 Lindenb.
1057 1420 1177 1453 Lehm.
1208 1420 1301 1464 Puy.
1331 1419 1444 1453 VIII.
1469 1431 1505 1464 p.
1530 1422 1565 1453 4.

385 1482 500 1516 ]lIont.
528 1482 561 1515 in
594 1481 728 1527 Voyaye
754 1493 800 1514 au
827 1480 917 1514 Pale
943 1480 1030 1514 Sud.
1060 1480 1089 1512 I.
1115 1491 1151 1524 p.
1178 1483 1261 1513 267.

204 1542 361 1576 Habitat
395 1553 477 1574 cum
515 1542 596 1574 aliis
624 1541 820 1584 Hepatieis
854 1540 890 1573 in
927 1540 1019 1573 freto
1050 1539 1300 1582 Megellanico
1333 1537 1519 1581 (inprimis
1545 1537 1627 1570 loco

109 1602 381 1635 Port-Gallant
408 1601 544 1643 dicto);
572 1601 739 1643 legerunt
765 1601 810 1633 ol.
836 1599 1040 1643 Jacquinot
1065 1605 1102 1633 et
1128 1599 1318 1632 d‘Urville.

203 1660 322 1694 Caulis
348 1661 554 1704 pollicaris,
583 1661 651 1693 sub
679 1660 759 1702 ipso
785 1659 975 1692 involucro
1002 1658 1197 1698 innovans,
1230 1656 1467 1690 innovatione
1494 1654 1629 1688 iterum

109 1720 317 1759 fructifera,
356 1727 395 1753 ut
428 1720 637 1763 complures
674 1719 977 1752 fructificationes
1018 1718 1064 1750 ad
1104 1717 1265 1760 speciem
1300 1726 1348 1749 ex
1382 1716 1451 1748 hac
1485 1713 1629 1748 ratione

107 1779 279 1813 laterales
315 1780 351 1812 in
388 1791 462 1813 uno
491 1779 696 1823 eodemque
724 1779 829 1811 caule
858 1781 1077 1821 appareant.
1130 1775 1236 1809 Folia
1261 1774 1410 1808 caulina
1437 1773 1630 1817 superiora.

59 1858 62 1861 -
106 1839 425 1872 fructificationem
454 1850 582 1872 versus
609 1842 735 1879 ovata,
763 1838 869 1881 apice
897 1835 1109 1877 rotundato,
1135 1835 1303 1878 margine
1319 1832 1629 1876 subintegerrimo

109 1899 165 1931 vel
193 1898 378 1931 levissime
406 1898 591 1941 rcpando;
619 1897 791 1931 inferiora
818 1896 975 1935 maiora,
1002 1898 1020 1938 ἕ
1050 1896 1112 1928 lin.
1143 1895 1267 1937 longa,
1294 1893 1462 1936 margine
1490 1891 1629 1925 dorsali

107 1956 219 1990 latius
248 1957 399 1997 reflexa,
426 1958 629 2001 explanata
657 1956 975 2000 ovato-quadrata
1006 1958 1211 1998 apparent,
1240 1954 1346 1997 apice
1372 1956 1544 1986 truncato
1569 1952 1629 1986 vel

106 2017 569 2061 emarginato-repando;
605 2027 731 2059 margo
767 2016 841 2049 folii
879 2015 1019 2048 ambitu
1057 2015 1261 2056 angulosus
1298 2018 1335 2047 et
1361 2012 1441 2046 basi
1468 2012 1628 2046 ventrali

105 2077 201 2120 plica
233 2082 385 2109 arcuata
414 2087 528 2120 prope
556 2075 810 2119 amphigastrii
851 2075 957 2108 basin
993 2074 1146 2114 affixus3
1184 2072 1348 2117 prostypi
1384 2072 1553 2106 foliorum
1591 2072 1629 2106 in

106 2140 234 2170 ventre
271 2136 388 2169 caulis
428 2136 464 2168 in
508 2136 577 2168 hac
620 2136 745 2179 speeie
783 2133 1058 2168 obsoletissimi.
1126 2132 1392 2178 Amplziyastria
1430 2132 1628 2176 quadrata,

108 2194 307 2228 latitudine
335 2196 468 2235 caulis,
496 2195 629 2236 bifida,
664 2195 812 2229 laciniis
846 2193 1032 2228 subulatis
1059 2193 1195 2235 angulo
1222 2192 1410 2225 obtusiore
1438 2191 1628 2224 minoreve

107 2254 232 2286 sinum
272 2254 570 2287 diversisormem
611 2249 876 2294 efficientibus,
917 2253 1083 2296 margine
1111 2251 1254 2285 laterali
1282 2251 1521 2291 unidentata‚
1548 2249 1628 2283 basi

107 2316 187 2345 toro
235 2313 493 2346 radioellarum
537 2314 729 2355 longarum
773 2313 955 2356 praedita.
1018 2311 1194 2345 Maeuiae
1234 2310 1392 2343 maiores
1432 2318 1625 2350 sexangu—

107 2374 216 2412 lares,
243 2372 342 2406 senis
370 2379 405 2405 et
430 2373 573 2406 octonis
592 2371 787 2414 triangulis
811 2371 1110 2409 intercalaribus,
1137 2375 1177 2403 ut
1195 2370 1335 2409 dicunt,
1362 2368 1626 2402 circumdatae.

110 2432 220 2466 Color
255 2431 600 2466 fulvo-brunneus.
661 2430 907 2464 Pet-ianthium
941 2431 1076 2464 lineam
1116 2431 1286 2472 longum,
1321 2428 1427 2472 apice
1460 2429 1626 2469 incurvo,

107 2502 169 2525 ore
196 2491 375 2525 bilabiato
402 2491 652 2534 integerrimo.
704 2489 808 2524 Folia
841 2488 1071 2523 imolam-alia
1097 2489 1261 2529 minora,
1296 2487 1488 2521 dimidiam
1523 2487 1623 2530 peri-

108 2551 222 2584 antbii
253 2551 520 2594 longitudinem
549 2561 619 2583 non
648 2548 885 2594 superantia,
925 2549 1031 2583 fovea
1059 2549 1185 2592 paullo
1212 2552 1364 2581 saccata
1390 2546 1496 2581 basin
1523 2547 1623 2591 peri-

107 2611 221 2644 anthii
246 2611 457 2654 excipiunt:
484 2611 791 2654 ampbigastrium
810 2609 1038 2644 involucrale
1063 2609 1196 2646 minus,
1224 2607 1483 2647 rudimentale,
1507 2605 1626 2639 tribus

107 2670 167 2703 vel
205 2675 364 2713 quatuor
406 2671 580 2704 dentibus
627 2670 812 2704 subulatis
854 2669 952 2703 inter
990 2667 1095 2702 basin
1137 2667 1304 2701 foliorum
1343 2665 1624 2700 involucraiium

108 2731 307 2765 ventralern
335 2730 580 2772 cognoscitur.

202 2788 310 2821 Obs.
363 2789 540 2823 Proxime
571 2789 715 2823 accedit
738 2789 787 2829 ad
816 2788 878 2823 Pl.
908 2787 1182 2828 Gottscheanam‚
1213 2797 1232 2820 a
1268 2796 1342 2830 qua
1368 2785 1489 2819 differt
1515 2783 1625 2818 folio-

108 2858 187 2881 rum
216 2847 330 2880 forma
360 2852 395 2880 et
422 2849 701 2892 amphigastriis
729 2849 875 2890 liberis;
910 2848 939 2882 si
967 2846 1233 2890 amphigastria
1260 2844 1482 2888 neglexeris,
1508 2843 1624 2877 affinis

108 2905 168 2940 Pl.
192 2905 384 2952 porelloidi.
