1824 3252
766 189 1010 234 Plagiochila.
1578 194 1650 226 653

131 314 286 349 rumque
313 302 594 345 terminalibus,
623 303 753 345 suscis3
781 303 867 338 folia
893 303 1137 348 perigonialia
1165 303 1309 338 minuta
1334 304 1417 339 basi
1444 304 1587 339 tumida
1611 308 1649 339 et

131 367 231 397 arcte
257 362 467 398 imbricata.

228 423 333 468 Play.
360 421 528 456 biset-iulis
553 420 680 454 habitu
708 432 824 465 prope
852 421 997 455 accedit
1023 421 1070 455 ad
1099 426 1277 464 nostram,
1304 423 1369 457 sed
1397 427 1452 457 est
1476 422 1648 463 tenerior,

129 487 167 517 et
194 483 281 517 folia
308 483 421 516 habet
447 482 591 515 minora
618 485 655 515 et
680 480 811 515 dentes
838 480 1008 516 maiores.

129 576 165 608 p.
192 568 251 599 54.
350 568 396 599 77
412 575 442 598 c.
469 564 810 609 Plagiochila
835 562 1153 608 ‘cruciformis
1177 565 1280 608 Tayl.
1299 569 1335 599 et
1350 565 1566 609 Hook.jun.

225 622 288 657 Pl.
313 622 407 656 caule
437 624 618 669 caespitoso
643 629 752 656 erecto
776 621 986 667 subsc'mplici
1009 624 1103 669 apice
1127 625 1307 666 wzcinato,
1331 624 1435 670 foliis
1459 624 1649 657 imbricatis

127 683 247 716 erectis
270 683 423 717 secundis
447 683 614 728 a·dpres.sis
639 682 984 723 ovato-rotundatis,
1019 684 1174 728 maryine
1198 684 1360 729 inferiori
1380 683 1529 728 yibbosz‘s
1565 684 1647 717 ‹Ien-

129 741 295 784 ticulatis‚
320 742 490 788 superiori
515 742 667 775 incurvis
692 741 764 774 basi
788 739 1012 775 subnervosis.

318 803 585 844 Jungermannia
612 802 813 832 unciformis
850 799 982 846 Taylor
1009 800 1100 846 Hep.
1134 808 1285 835 arctaret.
1319 804 1356 835 in
1381 802 1493 836 Lond.
1519 802 1646 836 Journ.

403 859 447 904 of
464 859 529 893 bot.
559 862 664 893 1844.
683 871 721 904 p.
751 862 832 893 457.
859 872 893 893 η.
920 862 953 893 7.

224 920 386 956 Habitat
410 919 447 952 in
470 919 638 952 Hermite
659 918 787 952 lsland
807 918 924 961 (Cape
947 918 1083 962 Hom),
1112 919 1211 953 unde
1238 919 1362 953 attulit
1378 920 1444 955 Dr.
1463 920 1645 965 Hook.jr.

222 979 419 1023 Caespites
447 978 642 1012 nonnullos
677 977 831 1021 pollices
864 977 948 1016 lati,
986 977 1304 1013 fusco-brunnei.
1361 979 1506 1013 Surculi
1530 980 1643 1013 semi-

125 1041 324 1086 pollicares
358 1037 463 1081 apice
502 1037 679 1071 uncinati.
746 1036 845 1069 Folia
879 1047 1010 1070 versus
1052 1037 1194 1080 apicem
1231 1038 1486 1081 magnitudine
1521 1044 1643 1081 aucta,

124 1099 359 1139 homomalla,
394 1107 620 1140 compressa,
646 1096 755 1130 valde
783 1096 991 1135 imbricata,
1020 1097 1093 1130 late
1119 1102 1243 1137 ovata,
1270 1098 1437 1141 margine
1462 1099 1643 1142 superiori

125 1160 225 1203 plica
251 1156 394 1191 tumida
427 1156 602 1196 incurva,
648 1155 810 1189 inferiori
844 1155 1076 1198 prominente
1114 1161 1150 1189 et
1186 1156 1426 1192 denticulato.
1485 1158 1644 1192 Areolae

126 1219 293 1252 minutae
320 1220 357 1250 et
382 1215 541 1252 densae,
569 1214 634 1247 sed
662 1214 698 1248 in
728 1214 849 1247 media
878 1214 958 1247 basi
984 1214 1083 1248 latae
1109 1218 1145 1248 et
1171 1214 1529 1258 fusco-brunneae‚
1556 1228 1642 1250 ner-

124 1289 210 1312 vum
240 1278 388 1310 brevem
417 1280 453 1307 et
478 1274 595 1307 latum
622 1273 823 1307 imitantes.

220 1334 361 1368 Similis
389 1333 496 1377 Play.
524 1332 695 1373 biserz'ali‚
729 1332 793 1366 sed
821 1337 965 1366 statura
991 1332 1134 1367 minore
1169 1334 1210 1376 (ᾗ
1237 1333 1437 1377 longitud.)
1472 1339 1509 1367 et
1536 1334 1642 1369 solio-

123 1405 204 1428 rum
231 1394 347 1428 sorma
375 1393 448 1426 late
475 1397 605 1433 ovata,
633 1402 702 1425 nec
730 1392 889 1426 rotunda
915 1396 952 1426 et
978 1392 1270 1427 denticulatione
1295 1393 1484 1428 minutiori
1511 1394 1644 1430 differt.

121 1488 157 1521 p.
185 1480 243 1511 54.
343 1479 388 1510 77
409 1474 444 1507 d.
487 1475 827 1519 Plagiochae‘la
853 1475 1105 1517 sphaleroe
1130 1475 1235 1518 Tayl.
1254 1480 1291 1509 et
1312 1475 1525 1520 Hook.jun.

220 1534 282 1568 Pl.
309 1534 404 1568 caule
429 1534 611 1580 caespz'toso
637 1540 748 1567 erecto
773 1535 868 1579 apice
894 1535 1034 1568 incurvo
1059 1533 1131 1568 basi
1156 1547 1306 1576 ramoso,
1328 1535 1434 1580 foliis
1457 1535 1644 1570 subimbri-

120 1595 206 1628 catis
229 1593 551 1639 erecto-patentibus
574 1594 728 1627 siccitate
751 1594 902 1627 secundis
927 1594 1065 1627 madore
1090 1592 1310 1628 subdisticlzis
1337 1607 1376 1627 ex
1400 1600 1548 1638 anyrcsta
1573 1591 1645 1626 basi

122 1652 508 1694 obovato-rotumlatis,
546 1652 700 1696 maryine
731 1654 901 1698 superiori
938 1654 1077 1687 incurvo
1113 1654 1347 1698 integerrivw,
1383 1654 1544 1698 inferiori
1562 1652 1642 1699 pla-

119 1712 276 1746 musculo
301 1713 450 1746 dentato.

310 1773 577 1813 Jungermannia
614 1771 768 1814 sphalera
804 1770 936 1817 Taylor
970 1771 1064 1817 Hep.
1100 1777 1251 1805 amaret.
1291 1773 1329 1805 in
1366 1772 1477 1805 Lond.
1516 1771 1641 1805 Journ.

397 1829 442 1874 of
460 1828 526 1864 bot.
557 1833 662 1864 1844.
683 1842 722 1875 p.
750 1832 834 1864 458.
861 1842 895 1863 n.
923 1834 957 1864 9.

216 1888 378 1922 Habitat
405 1889 441 1922 in
470 1889 730 1924 Promontorio
758 1889 863 1923 Horn
890 1888 975 1931 (Dr.
1005 1889 1159 1924 Hooker
1180 1890 1294 1934 jun.).

216 1948 412 1991 Caespites
451 1948 549 1989 laxi,
588 1949 704 1983 dilute
737 1949 908 1983 olivacei.
963 1949 1088 1983 Caules
1122 1949 1379 1993 bipollicares‚
1416 1949 1497 1983 basi
1529 1960 1642 1993 saepe

119 2005 228 2040 divisi
257 2007 293 2040 in
326 2010 349 2040 2
375 2028 390 2032 -
410 2010 433 2041 3
470 2018 614 2047 ramos;
642 2008 873 2042 summitates
900 2009 1097 2050 rotundae,
1125 2019 1362 2053 compressae
1390 2014 1426 2042 et
1451 2014 1641 2044 curvatae.

119 2065 225 2099 Folia
257 2066 469 2100 madefacta
504 2077 730 2112 quamquam
765 2070 890 2113 paullo
928 2070 1115 2109 secunda,
1148 2071 1338 2113 patentia,
1374 2069 1480 2112 apice
1515 2069 1642 2112 paullo

119 2135 287 2166 recurva,
315 2125 439 2160 laxius
466 2127 675 2161 imbricata.

216 2184 356 2218 Similis
384 2185 488 2230 Plaq.
515 2186 725 2231 uncfformi,
764 2199 785 2221 a
811 2199 885 2233 qua
917 2189 1046 2223 maiori
1074 2192 1240 2227 statura,
1282 2188 1379 2222 foliis
1413 2187 1536 2221 minus
1568 2187 1638 2220 im-

120 2241 274 2277 bricatis
300 2247 336 2277 et
361 2243 483 2278 minus
509 2246 682 2279 secundis
709 2246 843 2282 differt.

119 2336 155 2368 p.
182 2328 243 2360 54.
447 2331 493 2361 78
514 2327 548 2361 b.
580 2330 916 2375 Plagiochila
941 2331 1142 2365 nodosa
1167 2330 1313 2373 Taylor.

217 2396 278 2430 Pl.
314 2397 409 2431 caule
440 2400 624 2444 caespitoso
658 2402 876 2434 adscendente
909 2401 1124 2443 subramoso,
1153 2401 1260 2444 soliis
1294 2400 1485 2433 ‘imbricatis
1517 2407 1640 2434 erecto-

114 2455 313 2500 ]›atencibus
347 2457 567 2492 subrotumlis
599 2460 757 2503 mmyz'ne
781 2466 925 2504 utroque
951 2472 1108 2501 recurvo,
1140 2459 1252 2503 'infero
1287 2461 1447 2504 apiceque
1479 2460 1639 2500 dentatis,

114 2516 305 2560 periyoniis
329 2517 466 2551 iteratis
491 2516 640 2551 breviter
664 2519 814 2564 spientis.

312 2578 519 2618 Plagiochila
546 2578 676 2609 nodosa
714 2576 847 2623 Ταμὼν
882 2577 969 2610 Noc.
1003 2577 1095 2623 Hep.
1133 2578 1170 2610 in
1203 2577 1314 2611 Lond.
1348 2577 1476 2610 Journ.
1511 2576 1639 2621 quot.

400 2639 502 2670 1846.
522 2649 560 2682 p.
588 2639 670 2671 268.
698 2649 731 2670 n.
760 2639 820 2670 23.

219 2692 378 2727 Habitat
404 2694 440 2729 in
468 2695 640 2730 America
668 2695 950 2740 septentrionali
974 2696 1231 2740 (Drummond
1257 2696 1295 2730 iu
1324 2696 1400 2730 Hb.
1428 2695 1534 2740 Hk.).

218 2751 413 2796 Caespites
441 2754 523 2797 lati,
553 2755 855 2789 olivaceo-fusci.
908 2755 1030 2789 Caules
1055 2754 1118 2789 vix
1144 2755 1361 2799 pollicares,
1396 2754 1501 2798 apice
1527 2755 1635 2788 recli-

122 2809 212 2845 nati.
264 2811 370 2845 Folia
409 2818 510 2847 arcte
555 2814 772 2857 imbricata,
816 2815 984 2857 margine
1023 2814 1206 2848 anteriore
1253 2814 1382 2848 leviter
1419 2813 1638 2850 decurrente

122 2868 231 2902 valde
258 2880 412 2906 recurvo
438 2873 538 2906 unde
564 2874 666 2908 basis
699 2875 776 2908 folii
811 2874 969 2908 dorsalis
1002 2873 1143 2907 tumida
1176 2874 1234 2915 fit;
1269 2873 1439 2908 foliorum
1475 2874 1635 2908 circum-

123 2927 275 2972 scriptio
302 2929 532 2974 irregularis,
556 2932 740 2967 interdum
769 2934 1012 2978 emarginata‚
1040 2933 1225 2967 interdum
1253 2944 1336 2967 cum
1355 2932 1440 2967 cilio
1459 2932 1638 2976 singulari
