1824 3252
768 216 1016 249 Dumortiera.
1580 218 1649 247 545

391 331 423 361 4.
476 326 828 362 Dumortieaew
854 328 1165 372 Nepalensis
1194 326 1239 360 N.
1269 327 1314 359 ab
1344 327 1384 359 Ε.

229 386 279 420 D.
314 385 524 431 receptaculo
546 386 700 431 femineo
739 386 968 433 (polycarpo)
1002 387 1261 432 hemisphaerica
1287 397 1391 430 supra
1414 384 1552 428 ¹(flabro,
1591 387 1645 419 iu-

137 444 283 479 colneris
309 452 445 479 tantum
472 444 638 485 setulosis,
668 444 771 478 barba
798 446 888 479 cirea
909 445 1138 492 petiunculam
1165 445 1358 488 deficiente,
1381 444 1512 487 fronde
1536 444 1648 477 clicho—

136 512 223 538 tuma
244 504 572 539 crenato-undulata
597 503 713 537 subtus
739 504 882 539 liirtula.

326 566 546 596 Durnortiera
573 564 771 605 Nepalensis
799 564 846 596 JV.
875 563 917 596 ab
944 563 989 596 E.
1019 563 1108 607 Hep.
1139 562 1229 596 Eur.
1259 561 1325 594 lV.
1355 573 1391 606 p.
1420 560 1540 595 LXV.
1573 565 1648 597 169.

411 618 442 644 et
471 613 550 645 158.
579 616 610 642 et
635 610 671 643 in
696 610 786 655 Hep.
822 611 947 654 Wiylit.
976 611 1064 643 inea.

325 671 519 713 Hygi-opyla
546 669 746 711 Nepalensis
775 668 907 715 Taylor
932 670 968 702 in
982 669 1087 702 Limz.
1108 668 1289 700 Trcmsact.
1318 666 1451 700 XVII.
1468 670 1552 713 3,p.
1566 671 1649 703 392.

410 729 444 750 n.
471 719 505 749 2.
544 722 568 748 t.
599 718 653 749 15.
677 715 716 760 f.
740 719 774 750 2.
819 717 1015 758 (elateribus
1051 717 1134 748 fibra
1163 716 1289 758 duplici
1324 717 1409 746 sicui
1442 717 1474 746 iu
1511 718 1648 758 reliquis·

408 763 585 806 praeditis
614 762 674 805 G.)

325 822 547 853 Dumortiera
574 821 702 853 hirsuta
730 821 772 854 L.
800 829 833 855 et
861 822 925 866 Ly.
954 822 989 854 in
1016 822 1136 855 Lelrm.
1163 832 1236 853 nov.
1264 827 1295 852 et
1320 820 1403 852 min.
1430 832 1521 864 eoyn.
1548 822 1648 867 stirp.

412 868 507 911 Puy.
544 867 613 900 IV.
644 879 682 912 p.
707 871 741 902 3.
792 870 1037 912 (probabiliter
1071 878 1209 912 propter
1243 869 1387 910 patriam
1425 880 1649 900 communem

409 915 451 946 ad
478 915 563 946 hanc
593 916 745 956 speciem
773 916 979 957 referenda.)

230 972 390 1006 Habitat
424 971 515 1006 locis
550 970 712 1006 humidis
745 972 930 1015 argillosis
960 972 1141 1015 Nepaliae
1175 973 1356 1012 (Wallicb
1384 977 1419 1006 et
1445 973 1580 1017 Taylor
1613 975 1649 1008 iu

136 1030 210 1065 Hb.
238 1031 301 1071 L.‚
341 1031 407 1074 Lg.
447 1034 484 1063 et
517 1031 563 1064 G.
599 1030 701 1075 ((Ξ),
754 1031 915 1064 Wallich
956 1030 991 1064 in
1030 1030 1104 1063 Hb.
1146 1031 1185 1064 L.
1218 1034 1296 1073 0²);
1348 1032 1383 1064 in
1420 1032 1649 1067 Courtallum

132 1091 282 1134 (Wight
308 1090 345 1124 in
373 1089 449 1123 Hb.
479 1089 557 1133 N.).

231 1150 340 1183 Obs.
393 1148 563 1182 Hirsutie
599 1153 636 1182 et
673 1149 789 1182 barba
825 1149 1083 1182 deficientibus
1113 1160 1132 1181 a
1160 1149 1388 1182 Dumortiera
1423 1149 1556 1183 hirsuta
1589 1151 1650 1183 di—

135 1209 368 1253 stinguenda.
422 1207 477 1242 Cl.
505 1207 639 1250 Taylor
667 1211 817 1250 rogatus
854 1208 961 1241 nobis
994 1208 1198 1251 specimina
1233 1207 1427 1250 originalia
1460 1209 1651 1251 complura

134 1279 180 1301 ex
209 1267 338 1302 eodem
365 1265 544 1309 caespite,
571 1276 666 1309 quae
693 1265 730 1298 in
757 1265 1020 1300 dissertatione
1047 1266 1092 1298 de
1105 1265 1372 1298 Marchantieis
1399 1276 1512 1308 supra
1536 1267 1650 1299 citata

134 1326 320 1369 descripta
354 1328 461 1365 sunt,
505 1323 616 1358 misit.
687 1324 730 1357 In
766 1324 894 1357 decem
932 1324 1178 1367 receptaculis
1217 1323 1331 1358 nostri
1368 1325 1468 1357 berb.
1496 1325 1649 1368 capituli

134 1384 347 1428 superficies
374 1382 523 1417 omnino
548 1383 679 1426 glabra
706 1387 797 1424 erat,
823 1383 1016 1417 involucra
1042 1383 1183 1416 fructus
1209 1393 1335 1416 verum
1364 1389 1517 1418 externe
1542 1390 1646 1418 setu-

134 1445 215 1478 losa
240 1447 368 1485 erant,
395 1446 432 1476 et
457 1452 539 1475 cum
569 1442 688 1476 fructu
715 1446 863 1475 maturo
888 1442 962 1475 iam
989 1441 1132 1475 tumida
1163 1446 1300 1482 essent,
1324 1441 1466 1475 setulae
1492 1453 1651 1485 superne

134 1502 229 1535 inter
254 1501 398 1535 lobulos
425 1501 650 1545 receptaculi
678 1501 938 1544 emergebant;
965 1500 1071 1535 cuius
1098 1501 1149 1534 rei
1171 1500 1397 1534 contrarium
1423 1500 1460 1534 iu
1482 1502 1573 1535 Tab.
1598 1506 1649 1536 15.

134 1562 155 1594 f.
183 1564 216 1595 2.
267 1560 415 1603 Taylori
441 1560 630 1603 depictum
657 1559 774 1594 vides.
827 1560 1041 1595 Secundum
1071 1564 1197 1594 nostra
1224 1564 1260 1593 et
1285 1560 1486 1593 amicorum
1519 1570 1647 1594 exem-

135 1619 273 1662 plaria,
323 1619 370 1652 ab
413 1619 495 1662 ipso
538 1619 698 1662 Tayloro
740 1630 806 1662 pro
850 1618 1093 1662 originalibus
1135 1619 1246 1660 data,
1294 1618 1491 1662 diagnosin
1540 1619 1649 1652 aliam

135 1677 406 1712 substituimus.
456 1677 683 1721 (Gottsche.)

356 1761 390 1792 5.
442 1758 790 1792 Dumna-tieret
815 1758 1207 1801 trielroeephala
1236 1757 1282 1791 N.
1311 1758 1358 1790 ab
1386 1757 1428 1790 E.

232 1817 281 1851 D.
320 1816 527 1862 receptaculo
559 1816 715 1861 femineo
753 1815 980 1862 (polycarpo)
1018 1829 1157 1850 conremo
1194 1817 1341 1861 quinque
1355 1815 1510 1849 -sexlobo
1546 1828 1651 1861 supra

135 1877 267 1910 hirsuto
290 1876 409 1910 subtus
428 1875 560 1920 ylabro,
575 1876 707 1920 fronde
730 1875 983 1909 subdicliotoma
1007 1876 1180 1921 repando·
1194 1874 1307 1908 lobata
1328 1874 1462 1918 fiabra.

323 1937 547 1968 Dumortiera
576 1936 826 1978 trichocephala
851 1934 951 1967 N.al›
962 1934 1010 1968 Ε.
1032 1934 1122 1979 Hep.
1139 1934 1230 1967 Eur.
1248 1933 1316 1967 IV.
1338 1945 1373 1978 p.
1388 1931 1511 1966 LXV.
1524 1940 1555 1966 et
1568 1936 1649 1967 449.

326 1994 531 2026 Mai-chantia
559 1993 812 2037 trichocephala
848 1993 960 2027 Hoole.
989 1993 1082 2027 Icon.
1112 1992 1163 2038 pl.
1199 1992 1252 2025 II.
1289 1999 1314 2026 t.
1350 1995 1426 2026 158.
1481 1992 1653 2036 Douylass

409 2052 474 2074 eaes.
502 2053 536 2074 η.
562 2043 620 2074 71.

230 2099 388 2134 Habitat
412 2102 449 2133 in
472 2098 612 2133 Insulis
632 2097 954 2132 Sandvicensibus
980 2097 1106 2133 densis
1131 2098 1290 2144 latisque
1317 2099 1441 2132 stratis
1468 2110 1650 2133 crescens.

136 2158 345 2201 (Douglass
371 2158 408 2192 in
438 2159 512 2191 Hb.
544 2158 637 2201 Hk.)

230 2217 384 2251 Frondes
401 2217 633 2260 imbricatae,
651 2217 797 2251 intense
820 2217 974 2259 virides,
990 2227 1144 2261 opacae,
1164 2215 1484 2258 membranaceae,
1502 2217 1648 2252 lobato-

135 2276 390 2319 pinnatifidae,
413 2275 508 2310 lobis
526 2275 695 2319 oblongis
721 2276 865 2310 obtusis
891 2273 1314 2320 sinuato-pinnatifidis;
1338 2279 1536 2310 contextus
1556 2276 1648 2310 den—

135 2346 211 2375 sus,
240 2336 285 2368 ad
313 2335 463 2368 modum
481 2335 557 2367 fere
571 2334 709 2367 Polliae
733 2334 936 2381 epiphyllae,
953 2345 1072 2379 neque
1094 2334 1167 2367 ulla
1190 2333 1396 2366 reticulatio
1423 2333 1522 2367 nudo
1544 2335 1651 2369 oculo

137 2393 303 2435 adparet.
356 2392 556 2426 Peduneuli
582 2403 629 2426 ex
657 2393 763 2436 apice
792 2397 857 2426 aut.
882 2394 990 2427 iuxta
1026 2393 1170 2436 apicem
1204 2392 1369 2425 lobon-um
1403 2392 1544 2427 frondis
1577 2394 1650 2434 siti,

136 2452 182 2484 ab
209 2452 315 2486 initio
345 2452 477 2485 breves
503 2456 540 2486 et
566 2451 687 2495 pilosi,
715 2452 863 2485 demum
891 2452 1085 2495 pollicares
1107 2457 1142 2485 et
1160 2450 1495 2495 sesquipollicares,
1519 2451 1650 2492 glabri.

138 2511 404 2557 Receptaculum
430 2510 787 2554 hemisphaericam,
821 2521 935 2553 supra
961 2511 1142 2545 hirsutum
1170 2510 1254 2554 pilis
1281 2510 1399 2552 longis
1425 2510 1575 2551 erectis,
1612 2510 1650 2544 in

136 2571 275 2604 ambitu
303 2569 679 2614 subquinquelobum.
730 2569 916 2603 Involuera
935 2570 1084 2613 propria
1110 2573 1163 2603 tot
1189 2572 1278 2613 quot
1300 2568 1375 2602 lobi
1398 2572 1496 2610 sunt,
1518 2579 1647 2603 mono-

136 2638 262 2671 carpa.
324 2628 491 2674 Capsulae
523 2628 588 2672 (ad
626 2629 788 2674 iconem)
827 2632 1018 2669 exsertae,
1058 2627 1363 2672 campanulatae,
1406 2627 1650 2672 quadrifidae,

136 2685 280 2720 laciniis
306 2687 427 2721 ovatis
455 2687 616 2721 reflexis.

697 2760 725 2801 §.
750 2761 783 2792 2.
836 2758 1077 2794 Desciscentes.

232 2814 525 2858 Receptaculum
545 2815 744 2851 femineum
765 2818 887 2860 ovale,
909 2818 1199 2863 oppositiflorum
1212 2815 1652 2860 (brevipedunculatum).

136 2872 344 2917 Epidermis
370 2874 506 2914 tenuis,
532 2875 617 2909 laxe
645 2876 853 2911 reticulata.

328 2933 374 2967 N.
401 2932 444 2966 ab
470 2933 516 2968 E.
545 2935 634 2979 Hep.
665 2934 755 2970 Eur.
786 2935 853 2969 IV.
878 2948 912 2980 p.
942 2935 1086 2969 LXVI.
1113 2948 1145 2968 n.
1177 2937 1252 2968 158.

1253 3017 1306 3044 35
