1824 3252
159 200 233 232 510
825 190 1042 225 Lunularia.

160 308 326 366 obvii,
371 305 580 372 scyphis
625 311 718 352 aut
762 302 926 350 valvis
961 319 988 349 e
1023 302 1175 351 dorso
1211 302 1475 350 frondium
1522 309 1696 351 ortum

160 386 474 437 ducentibus
510 381 909 430 circumvallati.

268 462 536 527 vegetatio
562 458 820 514 frondosa,
857 465 1096 507 texturae
1121 458 1396 505 cellulosae
1421 458 1694 522 perfectae.

159 541 452 609 Epidermis
502 538 729 586 areolata
782 545 832 583 et
884 553 1088 601 porosa.
1171 535 1484 600 Super-ficies
1532 553 1698 599 prona

157 637 309 684 saepe
345 617 576 683 squamis
606 615 897 663 tenerrimis
923 615 1168 662 coloratis
1193 614 1470 678 perforatis
1494 615 1696 663 vestita.

156 698 442 746 Radiculae
468 696 685 751 multae,
724 711 750 740 e
774 701 946 741 tractu
969 693 1140 740 medio
1168 691 1382 748 frondiS‚
1418 693 1698 742 incrassato

156 794 331 841 saepe,
377 774 695 839 prodeuntes
731 790 974 838 squamas
1012 771 1354 838 perforanteS,
1405 772 1698 829 tubulosae,

156 859 300 905 intus
350 851 1038 907 tuberculato-muricatae;
1093 850 1344 897 fibrarum
1390 848 1698 897 radicaliurn

157 932 391 982 fasciculi
429 932 535 979 duo
572 930 910 995 plerumque,
960 947 1073 978 raro
1111 929 1372 993 singulus,
1408 945 1435 974 e
1473 936 1699 991 recepta-

157 1013 263 1060 culi
301 1019 478 1059 centro
516 1028 608 1075 per
652 1008 1009 1074 pedunculum
1058 1009 1109 1056 in
1157 1006 1425 1056 canalibus
1469 1005 1698 1071 propriis

156 1088 493 1137 descendunt.

724 1202 1040 1256 Subtribus
1088 1204 1135 1253 l.

614 1301 1236 1354 Lunularieae.

274 1384 333 1424 Ν.
367 1382 420 1423 ab
454 1380 509 1422 E.
544 1380 659 1435 Hep.
696 1380 807 1420 Eur.
842 1378 928 1419 lv.
954 1394 1003 1434 p.
1034 1379 1076 1420 9.
1110 1386 1149 1419 ec
1180 1377 1374 1419 LXIII.

274 1464 461 1503 Fructus
509 1463 551 1501 in
598 1461 845 1517 pedunculo
893 1461 1106 1501 communi
1153 1459 1405 1514 aggregati,
1464 1460 1696 1501 involucris

156 1534 343 1588 propriis
396 1532 596 1572 discretis
649 1531 919 1585 monocarpis
972 1529 1173 1584 praediti.
1256 1527 1538 1570 Pedunculus
1580 1543 1694 1570 com-

156 1604 295 1644 munis
319 1603 410 1643 basi
437 1601 747 1641 involucratus.
813 1598 1031 1655 Capsulae
1056 1598 1121 1639 vel
1143 1598 1195 1639 ad
1220 1599 1342 1638 basin
1363 1611 1500 1652 usque
1522 1598 1694 1652 quadri-

157 1671 421 1720 octovalves,
455 1670 523 1711 vel
556 1669 852 1724 irregulariter
884 1669 1070 1710 lacerae.
1135 1667 1308 1708 Pistilla
1339 1668 1417 1708 sub
1451 1667 1619 1708 anthesi
1650 1668 1694 1707 in

155 1741 435 1798 receptaculo
480 1739 645 1787 sessui,
702 1739 838 1779 serius
879 1738 1068 1793 denique
1108 1742 1412 1778 succrescente
1451 1736 1695 1792 pedunculo

156 1811 341 1860 sublato,
376 1815 538 1850 erecta.

555 1902 608 1942 L.
652 1901 732 1952 (I.)
769 1898 1129 1945 hunillaria
1160 1898 1300 1940 Mich.

154 1991 186 2017 et
213 1991 320 2018 aucte.
348 1996 413 2017 ree.
465 1982 514 2016 Ν.
543 1980 586 2014 ab
615 1981 662 2014 E.
692 1981 785 2026 Hep.
815 1981 906 2014 Eur.
936 1980 1005 2014 IV.
1035 1992 1074 2025 p.
1102 1979 1265 2013 XXIX.
1293 1987 1327 2013 et
1357 1983 1410 2013 ll.
1438 1993 1472 2013 η.
1502 1982 1532 2012 l.
1593 1977 1694 2011 End-

156 2043 262 2077 licher
301 2043 388 2075 Gen.
420 2054 459 2087 p.
495 2044 542 2074 44
578 2047 610 2073 et
648 2042 751 2073 1337.
790 2053 824 2072 η.
852 2042 935 2072 466.
1000 2038 1196 2082 Illontayne
1229 2039 1265 2071 in
1305 2037 1410 2071 Webb
1454 2045 1486 2071 et
1514 2036 1695 2071 Bertllelot

156 2104 254 2136 Hist.
283 2109 355 2135 nat.
387 2103 452 2135 ins.
470 2100 558 2134 Can.
580 2099 666 2134 Boe.
693 2111 731 2144 p.
751 2101 810 2132 57.
865 2096 998 2143 Taylor
1016 2098 1053 2130 in
1070 2097 1178 2131 Linn.
1197 2097 1385 2131 Transact.
1404 2097 1540 2132 XVII.
1558 2110 1596 2144 p.
1611 2100 1694 2132 388.

157 2161 327 2207 ΒίεοΙιᾳῄΓ
353 2162 391 2195 de
427 2160 631 2194 filare-hant.
678 2159 716 2192 in
744 2158 831 2191 Nor.
859 2157 945 2192 Act.
973 2157 1038 2190 Ac.
1075 2157 1123 2191 N.
1162 2156 1247 2191 Cur.
1284 2157 1422 2191 XVII.
1458 2160 1493 2192 2.
1520 2170 1559 2203 p.
1589 2160 1694 2192 1008.

157 2221 396 2265 Sedgwickia
424 2220 604 2254 Bozcdiclz.
633 2219 782 2252 Ercurs.
816 2217 853 2251 in
881 2216 982 2250 Mad.
1004 2229 1043 2262 p.
1070 2220 1127 2251 35.
1165 2215 1275 2259 (εκεῖ.
1301 2229 1374 2263 syn.
1401 2217 1474 2262 al.)
1515 2225 1549 2251 et
1585 2217 1695 2251 Endl.

159 2281 245 2314 Gen.
281 2293 315 2326 p.
342 2283 400 2314 43.
438 2291 474 2313 n.
510 2282 593 2313 458.
657 2276 916 2321 Staurophora
950 2276 1070 2310 Willd.
1099 2275 1201 2310 Berl.
1230 2276 1334 2321 May.
1370 2277 1445 2311 111.
1480 2280 1515 2311 2.
1546 2290 1585 2323 p.
1615 2281 1695 2311 101.

157 2340 425 2374 Marchantiae
453 2350 554 2383 spec.
582 2338 690 2371 Lina.
717 2344 749 2370 et
774 2342 883 2370 auctt.

252 2411 412 2446 Dioica?
464 2409 765 2454 Receptaculum
800 2407 1002 2442 femineum
1040 2407 1206 2449 nullum,
1247 2406 1321 2441 nisi
1355 2417 1454 2451 apex
1491 2406 1695 2451 pedunculi

157 2471 366 2506 communis
400 2470 648 2504 incrassatus.
702 2467 949 2502 Pedunculus
985 2467 1034 2501 ad
1069 2466 1179 2501 basin
1212 2465 1468 2501 involucratus
1501 2465 1696 2500 involucro

156 2531 448 2565 membranaceo
487 2527 717 2574 polyphyllo.
793 2527 996 2561 Involucra
1037 2525 1216 2571 partialia
1261 2525 1300 2558 in
1339 2524 1447 2569 apice
1488 2524 1695 2568 pedunculi

157 2594 319 2635 quatuor
347 2590 517 2624 cruciata
542 2587 721 2632 (subinde
752 2590 783 2628 1,
810 2590 845 2628 2,
872 2590 908 2628 3,
935 2589 959 2620 5
985 2590 1051 2620 aut
1075 2586 1135 2629 6),
1174 2585 1220 2617 ad
1254 2583 1485 2618 horizontem
1512 2584 1694 2628 patentia,

157 2648 336 2689 discreta,
365 2648 473 2692 apice
494 2647 724 2683 verticaliter
743 2645 940 2688 bilabiata,
959 2655 1201 2688 monocarpa.
1249 2643 1511 2678 Periantbium
1537 2644 1696 2678 nullum.

159 2706 340 2751 Calyptra
366 2707 532 2750 inclusa,
561 2707 658 2751 stylo
684 2710 883 2747 coronata,
917 2705 1058 2740 vertice
1085 2713 1275 2748 rumpens.
1327 2703 1543 2737 Pedicellus
1567 2702 1691 2747 longi-

157 2767 288 2801 tudine
314 2766 510 2802 involucri.
564 2766 732 2811 Capsula
757 2770 922 2808 exserta,
948 2764 1087 2807 tenuis,
1114 2763 1258 2799 cellulis
1283 2762 1548 2803 exannulatis‚
1573 2764 1692 2797 4-8-

156 2826 302 2870 valvis,
338 2827 457 2861 valvis
493 2825 713 2871 patentibus
749 2824 1024 2859 subtortilibus.
1075 2824 1246 2858 Elateres
1283 2822 1435 2867 bispiri,
1468 2821 1693 2864 tenuissimi,

158 2886 334 2929 decidui,
370 2886 505 2931 paucis
539 2886 579 2920 in
613 2886 808 2921 valvarum
843 2884 1016 2929 apicibus
1041 2882 1216 2918 residuis.
1268 2882 1423 2917 Semina
1448 2881 1692 2917 laeviuscula.

158 2946 309 2981 Pistina
336 2947 406 2982 sub
435 2945 581 2982 anthcsi
607 2948 631 2980 4
657 2965 677 2971 -
696 2948 720 2980 6
745 2944 783 2979 in
811 2944 916 2979 disco
943 2942 1186 2988 receptaculi,
1213 2946 1305 2978 tunc
1330 2940 1510 2987 temporis
1537 2939 1694 2983 sessilis,
