1824 3252
760 193 954 238 Lejeunia.
1547 199 1617 231 403

102 308 329 355 complicatis,
364 306 474 341 lohulo
504 305 710 352 subinflati»,
744 306 1002 353 anzplziyastidis
1035 306 1180 339 minutis
1212 306 1418 341 distantibus
1444 307 1619 353 profunde

102 369 215 414 bifidis
244 367 379 401 laciniis
410 365 581 400 subulatis
614 365 883 410 diveryentibus,
914 365 1045 410 fructu
1087 363 1226 397 laterali
1257 365 1387 407 senili,
1418 365 1619 411 periantlzio

99 438 207 472 parvo
232 424 370 459 obovato
394 426 536 471 quadri-
548 426 806 471 quinquecorni,
842 424 999 459 cornibus
1030 423 1335 469 compressiusculis
1359 424 1619 469 clivetyeittibus.

104 484 262 519 Gotcsclze
287 485 383 518 Ieon.
410 484 487 530 Lejj·
518 484 563 517 V.
591 487 649 518 20.
901 489 904 491 ’

292 545 559 586 Jungermannia
596 545 700 575 vitrea
736 543 783 577 N.
810 541 852 576 αἶ)
880 543 927 576 Ε.
956 542 1088 575 Enum.
1116 541 1206 587 Hep.
1232 541 1313 575 Jav.
1344 553 1379 586 p.
1405 544 1464 576 56.
1499 555 1532 575 n.
1559 546 1617 577 75.

380 602 447 642 G„
482 602 525 634 L.
551 608 582 634 et
608 601 655 635 N.
691 600 734 635 ab
768 601 814 635 Ε.
842 601 934 647 Hep.
961 601 1087 646 IWIeyen
1118 600 1155 634 in
1187 600 1274 633 Nov.
1312 600 1394 635 Aet.
1427 601 1493 634 Ae.
1531 601 1618 636 Nat.

379 661 463 694 Cur.
491 660 609 695 XIX.
637 660 760 706 Suppl.
790 663 821 695 l.
840 672 879 705 p.
905 662 987 694 475.

176 725 208 763 β,
235 722 377 761 nautica,
404 722 491 752 soliis
517 721 671 763 margine
698 730 795 763 parce
826 721 876 750 vel
903 720 1054 750 obsolete
1080 719 1294 751 denticulatis
1322 719 1379 761 (Οἦ
1409 729 1440 751 et
1477 715 1539 762 9).

198 781 243 813 In
281 779 367 813 solio
402 777 563 822 quodam
599 777 842 820 semiputrido
869 777 1017 810 Insulae
1050 776 1170 810 Javae
1195 776 1385 820 (Blume);
1421 777 1457 810 in
1492 778 1619 812 Insula

102 840 246 873 Manila
265 837 312 871 ad
339 837 426 871 folia
441 836 649 870 Acrostichi
667 835 862 870 cuiusdam
880 840 916 869 et
932 836 1140 870 Oreliideae
1166 836 1275 878 (haec
1296 836 1373 870 sola
1401 837 1618 883 fructifera),

99 898 254 941 (Meyen
285 896 323 929 in
346 895 422 928 Hb.
452 894 537 937 N.>;
565 893 601 927 in
629 894 758 939 Pipere
783 894 1036 939 lzernccndifhlio
1064 894 1155 937 (Hb.
1178 895 1270 937 Lg.).
1322 897 1357 937 β,
1384 896 1420 929 in
1449 896 1620 931 Davallia

99 954 325 1001 lieteropltylla
351 964 400 987 ex
431 952 564 993 Ualan,
591 952 626 985 iu
646 952 811 997 Asplenio
837 965 928 986 eroso
955 964 974 986 e
1002 954 1173 986 Guabam
1201 954 1324 988 insula
1347 954 1429 998 (Dr.
1449 956 1616 992 Mertens

99 1015 138 1049 in
169 1015 245 1048 Hb.
274 1012 489 1055 Petropol.).
533 1028 535 1031 ·

196 1072 324 1107 Cauiis
349 1074 405 1105 2-
423 1075 445 1105 4
462 1091 477 1096 -
494 1073 516 1103 6
544 1070 660 1104 lineas
690 1071 834 1114 longus,
861 1071 1066 1111 flexuosus,
1093 1070 1508 1114 celluloso-pellucens‚
1535 1073 1620 1107 hinc

98 1131 186 1166 inde
214 1131 463 1165 radicularum
491 1129 709 1164 brevissimo
737 1130 915 1163 fasciculo
942 1140 1087 1172 repenS‚
1116 1129 1214 1171 folio,
1243 1130 1303 1163 cui
1331 1130 1492 1172 insidet,
1520 1136 1619 1165 arcte

99 1191 317 1224 adhaerens.
369 1189 543 1223 Caulium
579 1193 735 1222 stratum
769 1189 970 1231 implexum
1001 1199 1114 1231 saepe
1148 1189 1330 1222 maculam
1365 1189 1479 1222 latam
1515 1191 1616 1224 orbi-

99 1250 262 1283 cularem
302 1250 455 1288 format3
505 1247 566 1280 alii
607 1247 731 1281 laxius
767 1252 1006 1291 sparguntur.
1067 1247 1180 1280 Rami
1217 1246 1435 1289 divaricati,
1486 1248 1619 1289 crebri,

98 1308 219 1350 magis
252 1307 422 1340 minusve
455 1306 578 1341 divisi.
636 1307 815 1340 Ramulus
852 1317 946 1339 unus
982 1307 1040 1340 vel
1076 1306 1168 1345 alter
1197 1305 1400 1350 (iuvenilis)
1434 1306 1521 1340 folia
1555 1308 1618 1340 vix

99 1377 281 1410 superans
316 1366 430 1399 dense
462 1365 681 1399 imbricatus
714 1365 846 1399 foliolis
873 1366 1035 1399 noudum
1064 1365 1234 1399 evolutis.
1286 1364 1391 1397 Folia
1417 1375 1528 1408 quam
1553 1376 1621 1408 pro

97 1426 249 1469 plantae
272 1424 478 1467 exiguitate
499 1424 652 1465 maiora,
680 1423 922 1457 horizontalia
946 1425 1000 1457 vel
1023 1425 1108 1458 laxe
1129 1423 1409 1464 adseendentia,
1438 1423 1617 1466 adproxi-

98 1489 200 1518 mata
226 1489 263 1519 et
288 1483 480 1527 superiora
507 1483 672 1517 nonnihil
693 1483 958 1525 incumbentia,
987 1484 1190 1527 explanata
1216 1483 1390 1526 folioque,
1420 1481 1479 1514 cui
1507 1483 1616 1525 plan-

100 1545 178 1578 tula
206 1544 365 1583 insidet,
390 1543 608 1587 plerumque
636 1543 836 1586 adpressa,
879 1543 1041 1582 alterna,
1077 1542 1227 1586 oblique
1254 1542 1427 1581 obovata,
1454 1541 1620 1584 margine

101 1603 285 1637 anteriore
321 1607 357 1636 et
389 1602 581 1645 superiore
616 1602 728 1645 paulo
772 1601 887 1644 magis
922 1606 1097 1641 arcuato,
1145 1601 1228 1634 basi
1262 1605 1473 1643 attenuata,
1514 1603 1620 1645 apice

99 1661 250 1704 obliquo
290 1655 427 1695 obtuso
468 1666 532 1694 aut
564 1661 830 1701 subtruncato,
870 1661 1010 1694 ambitu
1049 1660 1172 1692 antico
1205 1659 1281 1692 fere
1316 1664 1414 1700 toto,
1455 1661 1620 1703 rnargiue

99 1719 243 1763 postico
270 1720 414 1763 apicem
443 1730 574 1753 versus
602 1719 800 1753 denticulis
825 1718 1089 1762 inaequalibus
1109 1718 1404 1761 pyramidalibus
1428 1719 1623 1760 muricato‚

101 1777 597 1821 albo-fuseove-hyalina,
633 1778 833 1822 pellucida.
884 1776 991 1810 Retis
1019 1777 1187 1810 maculae
1215 1777 1381 1819 amplae,
1418 1779 1620 1822 regulares,

100 1836 389 1879 semmgulares,
423 1837 538 1871 series
572 1842 695 1871 autem
729 1836 943 1879 marginalis
970 1836 1187 1869 cellularum
1215 1836 1469 1878 angustiorum
1496 1836 1622 1870 folium

100 1894 215 1927 veluti
241 1894 353 1929 limbo
380 1895 505 1938 cingit,
531 1907 577 1929 ex
605 1906 677 1939 quo
705 1895 865 1928 murices
891 1895 978 1928 illae
1005 1894 1185 1936 marginis
1213 1899 1431 1929 nascuntur.

404 1990 488 2022 228.
538 1987 798 2033 Lejeumiw
817 1987 1092 2032 polyrhiaea
1120 1986 1167 2020 N.
1195 1985 1242 2019 ab
1271 1986 1311 2019 Ε.

194 2057 237 2090 L.
263 2057 357 2091 caule
388 2065 522 2103 repente
554 2071 636 2102 ναμε
669 2070 820 2100 ramoso,
847 2057 953 2102 soliis
984 2058 1235 2103 adprooeimucis
1260 2055 1412 2101 oblonyis
1437 2064 1617 2092 truncato-

99 2117 293 2151 rotundatis
316 2117 548 2161 interseri-imis
573 2117 746 2151 nomcullis
772 2116 903 2150 cellulis
920 2118 1074 2160 maryine
1084 2115 1359 2161 prominentibus
1373 2113 1623 2150 subm-emilam

99 2174 248 2220 hyalinis
280 2174 351 2208 basi
382 2175 594 2221 complicatis
631 2175 741 2209 Iobulo
767 2188 879 2221 parvo
904 2176 1074 2220 quadrato
1107 2173 1328 2213 subdentato,
1362 2173 1623 2218 ‹crtzplciyastriis

100 2234 303 2267 distantibus
336 2235 512 2279 profunde
545 2234 661 2279 bifidis
695 2235 830 2268 laciniis
854 2234 1022 2268 subulutz's
1047 2234 1269 2273 divaricatis,
1299 2233 1432 2275 fructu
1457 2233 1503 2265 acl
1525 2232 1622 2266 basin

100 2292 315 2325 rcmmlormn
349 2293 475 2335 sessili,
515 2294 714 2339 periantltio
749 2306 890 2339 superne
923 2291 1218 2338 quinquanyulari
1253 2291 1389 2334 aiz-(sniis
1425 2291 1462 2323 in
1495 2302 1622 2324 cornua

101 2350 266 2395 elon-(satis
309 2349 424 2386 brevia
462 2353 673 2397 divet‘yentia
719 2354 872 2397 maryine
911 2359 943 2385 et
990 2351 1148 2385 cornibus
1188 2349 1385 2383 crenulatis.
1462 2349 1623 2383 Gottsclte

101 2410 367 2457 Icum-Lejeun.
395 2411 443 2445 V.
473 2414 527 2445 12.

198 2469 359 2503 Habitat
395 2470 431 2503 in
469 2470 556 2504 folio
591 2469 768 2504 Hirtellae
802 2482 989 2504 rac-emesae
1026 2470 1197 2503 Guianae
1232 2466 1399 2501 Gallicae
1434 2477 1518 2500 cum
1552 2467 1621 2500 Le-

91 2528 218 2574 jeum'a
230 2528 405 2573 foliorum
429 2529 525 2573 (Hb.
556 2529 604 2563 N.
632 2534 669 2563 et
693 2529 777 2574 L.);
814 2530 861 2563 ad
889 2529 1161 2562 Hemimzitz’dem
1186 2526 1406 2561 reticulatum
1431 2524 1622 2569 (Schkuhr

103 2586 382 2622 Deutschlands
414 2589 536 2632 krypt.
566 2589 669 2622 Gew.
698 2589 727 2623 Ι.
757 2600 793 2633 p.
820 2592 853 2623 7.
881 2592 907 2623 t.
934 2591 968 2622 6.
997 2588 1020 2622 f.
1047 2590 1082 2622 9.
1137 2587 1248 2620 Web.
1277 2585 1408 2619 Prodr.
1437 2596 1473 2628 p.
1499 2588 1556 2619 30.
1584 2585 1621 2618 in

103 2645 183 2680 obs.
212 2645 258 2680 ad
284 2646 322 2680 J.
338 2647 476 2691 flavam
502 2636 707 2681 seeundum
734 2647 940 2691 specimina
967 2647 1003 2679 in
1031 2646 1108 2680 Hb.
1136 2644 1279 2687 Web.).

391 2730 475 2761 229.
525 2729 783 2774 Lejeuuia
809 2728 1047 2771 elliptiea
1073 2726 1114 2760 L.
1143 2731 1180 2758 et
1209 2724 1326 2766 Ldbg.

200 2794 246 2828 L.
272 2794 365 2829 caule
388 2803 482 2830 arete
505 2805 643 2843 repente
667 2799 862 2832 inordinate
887 2810 1032 2838 ramoso,
1055 2796 1162 2842 foliis
1188 2792 1519 2829 subhorz’zontalibus
1541 2792 1620 2826 sub-

102 2852 312 2887 distantibus
334 2853 494 2900 ellipticis
514 2856 631 2901 planis
656 2857 888 2902 ῑήιθρεννίηιίς
923 2856 995 2890 basi
1018 2861 1196 2889 attenuata
1221 2853 1338 2887 subtus
1362 2852 1509 2886 breviter
1533 2863 1622 2885 eom-

98 2910 241 2958 plieatis
259 2912 464 2959 pewforatis,
489 2913 599 2949 Zobulo
622 2914 805 2962 subinflato
829 2927 928 2962 saepe
952 2914 1106 2956 obsoleto,
1132 2911 1393 2959 ccmplziycistriis
1415 2910 1623 2946 distantibus

1253 2992 1344 3023 26⁶
