1824 3252
193 187 263 217 :310
864 179 1054 224 Lejeunia.

195 297 324 331 Insula
346 296 466 338 Cuba,
495 306 515 329 a
540 293 753 329 Ramondio
779 293 825 327 de
852 294 886 327 la
916 293 1036 337 Sagra
1063 293 1240 337 nuperius
1266 299 1477 339 peragrata,
1511 299 1550 331 13
1575 297 1720 341 species

193 355 384 397 exhibuit,
421 359 458 389 et
495 354 593 388 inter
626 364 691 388 eas
723 355 747 387 2
784 356 948 393 tantum,
983 363 1080 397 quae
1114 358 1151 387 et
1183 353 1220 387 in
1248 354 1329 388 aliis
1357 355 1488 389 harum
1514 356 1719 391 insularum

192 415 367 449 inventae
415 417 523 454 sunt3
572 423 619 446 ex
662 411 792 446 Insula
829 412 1058 456 Guadalupa
1105 416 1129 447 5
1164 412 1339 457 propriae
1380 424 1597 451 communes
1635 429 1719 452 cum

193 474 345 519 reliquis
370 477 416 514 2,
442 492 488 497 -—
515 483 563 507 ex
591 470 722 505 Insula
749 470 922 506 Jamaica
948 474 992 513 7,
1034 481 1191 515 quarum
1221 474 1237 505 1
1275 475 1312 506 et
1344 471 1380 506 in
1414 473 1565 519 reliquis
1591 476 1721 511 insulis

192 533 339 572 crescit,
366 551 411 557 —
439 542 487 565 ex
515 530 646 565 Insula
674 530 729 564 St.
742 530 966 566 Dominicae
991 534 1027 573 5,
1064 540 1222 575 quarum
1249 530 1347 565 duae
1372 541 1587 567 communes
1615 541 1719 576 sunt;

192 590 408 632 Martinica,
439 589 683 632 Barbadoes‚
717 590 854 624 Insulis
882 590 938 625 St.
969 590 1119 630 Crucis,
1148 590 1203 623 St.
1230 589 1432 631 Joliannis,
1462 590 1517 625 St.
1543 593 1720 635 Thomae‚

191 650 384 684 Trinitatis
420 650 593 694 singulae
628 648 676 683 ad
711 660 847 684 manus
880 654 966 684 sunt
1001 650 1168 694 species:
1208 658 1283 682 una
1319 648 1484 683 incertae
1520 654 1577 684 est
1607 651 1720 691 sedis,

191 711 257 744 sed
293 714 393 745 certe
428 720 477 744 ex
514 709 755 760 una⁴harum
792 708 998 744 insularum
1034 707 1215 754 profecta.
1267 708 1429 752 Imperio
1457 709 1660 745 Mexicano
1685 717 1721 745 et

193 769 378 804 Peruviae
405 772 451 806 34
478 768 625 813 species
653 772 761 809 sunt;
803 768 935 802 harum
967 771 1015 802 26
1042 768 1213 814 proprias
1239 769 1405 811 diceres,
1439 780 1607 815 eaequae
1638 773 1719 816 ple-

193 839 331 873 raeque
368 828 406 862 in
445 828 583 863 cortice
612 827 819 873 peruviano
853 828 1080 862 officinarum
1112 829 1486 873 pharmacopolarum
1522 830 1722 866 sedulitate

189 889 387 929 inventae3
428 888 654 933 reliquarum
690 888 868 929 (numero
895 889 936 931 8)
965 887 1173 932 specierum
1201 892 1378 923 crescunt
1402 891 1426 923 6
1451 893 1529 923 tum
1555 889 1592 923 in
1622 890 1718 924 Bra-

190 947 274 982 silia
300 951 337 981 et
364 947 519 982 Guiana
547 949 616 993 (4)
649 952 728 982 tum
762 947 799 981 in
828 947 963 981 Indiae
990 947 1236 983 occidentalis
1263 948 1416 989 insulis;
1457 952 1469 982 l
1499 960 1574 984 non
1601 949 1721 984 solum

190 1007 225 1040 in
265 1008 426 1042 Brasilia
463 1007 527 1042 sed
565 1008 678 1042 etiam
714 1007 751 1042 in
791 1006 928 1041 Insulis
955 1007 1052 1041 Java
1088 1011 1126 1042 et
1159 1007 1289 1042 Luzon
1325 1006 1588 1051 inventa'est;
1631 1012 1642 1043 1
1683 1009 1720 1043 in

191 1067 329 1102 Insulis
350 1067 595 1102 Mascarenis.
649 1068 692 1101 In
723 1068 852 1101 Insula
879 1067 1128 1101 Staatenland
1154 1071 1192 1102 et
1219 1067 1266 1101 ad
1292 1066 1587 1110 promontorium
1615 1067 1721 1102 Horu

189 1131 211 1160 2
237 1128 381 1171 species
408 1128 583 1161 inventae
610 1131 710 1169 sunt,
737 1126 774 1160 in
798 1126 939 1161 Insulis
960 1125 1144 1161 Falkland
1173 1129 1204 1160 1.
1257 1126 1300 1160 In
1328 1125 1467 1160 Insulis
1493 1127 1722 1168 australibus

190 1188 223 1223 8,
252 1196 456 1231 earumque
493 1190 515 1220 4
553 1186 610 1220 his
647 1185 786 1220 Insulis
815 1186 1012 1230 propriae,
1049 1185 1275 1231 reliquarum
1301 1184 1465 1229 (Owaihi
1491 1185 1654 1232 insulae)
1686 1192 1722 1222 et

193 1245 304 1279 Asiae
331 1246 559 1287 continenti,
592 1250 602 1280 l
636 1246 822 1280 Brasiliae
850 1249 886 1278 et
913 1245 1066 1279 Insulae
1092 1245 1147 1279 St.
1174 1243 1388 1287 Vincentii,
1426 1247 1442 1279 l
1472 1245 1624 1280 Insulae
1650 1246 1721 1281 Ja-

190 1304 356 1347 maicae,
387 1305 525 1339 Insulis
549 1305 743 1347 Canariis‚
774 1304 1037 1339 Promontorio
1066 1305 1196 1339 Bonae
1224 1304 1333 1349 Spei,
1368 1304 1508 1346 Javae,
1537 1305 1722 1341 Brasiliae

189 1374 416 1397 communes.
452 1365 602 1398 Insulae
618 1364 842 1408 Campbellii
865 1366 876 1396 l
902 1363 1079 1408 speciem,
1107 1364 1262 1398 Insulae
1279 1363 1504 1399 Aucklandii
1523 1368 1546 1399 3
1563 1366 1721 1409 species,

190 1433 329 1467 easque
378 1423 433 1457 iris
476 1423 613 1457 Insulis
663 1423 855 1468 proprias,
907 1423 952 1456 cl.
1004 1423 1169 1457 Hookeri
1212 1434 1302 1457 cura
1355 1423 1722 1461 administraverunt.

191 1481 322 1516 Novae
339 1483 564 1517 Hollandiae
591 1494 666 1517 una
692 1493 814 1527 eaque
840 1482 992 1526 propria
1019 1486 1076 1517 est
1102 1482 1283 1527 Lejeunia
1310 1483 1478 1527 species,
1506 1494 1527 1517 a
1556 1483 1722 1519 Preissio

190 1547 317 1576 nostro
343 1542 507 1577 inventa.
562 1542 670 1583 Quae
690 1542 720 1576 si
739 1541 953 1575 accuratius
971 1542 1283 1582 consideraveris,
1311 1542 1574 1587 Lejeuniarum
1593 1544 1716 1577 maxi-

189 1611 286 1634 mam
313 1601 386 1635 vim
422 1612 505 1635 esse
534 1601 619 1636 novi
654 1600 756 1635 orbis
793 1600 989 1643 intelliges.
1049 1601 1196 1635 Etenim
1233 1601 1379 1646 species
1414 1601 1523 1635 huius
1558 1603 1718 1645 generis.

187 1671 284 1704 quae
310 1660 348 1694 in
375 1672 470 1696 novo
497 1661 586 1695 orbe
613 1660 826 1694 adhucdum
854 1661 974 1694 lectae
1001 1664 1108 1702 sunt,
1135 1660 1172 1695 in
1201 1660 1416 1695 universum
1447 1663 1514 1696 159
1542 1673 1716 1698 numera—

186 1719 306 1754 vimus
333 1720 481 1755 omissis
508 1727 632 1755 tamen
659 1724 706 1763 2,
746 1731 844 1765 quae
871 1721 1000 1765 paullo
1026 1720 1237 1755 incertioris
1265 1720 1365 1755 sedis
1391 1724 1481 1755 sunt
1504 1722 1568 1755 sed
1597 1727 1633 1757 et
1657 1734 1724 1758 eae

190 1780 449 1814 verosimiliter
484 1791 530 1814 ex
567 1780 699 1814 eadem
737 1785 858 1814 terrae
893 1784 1000 1824 parte
1039 1781 1234 1814 oriundae.
1286 1780 1346 1814 Ab
1374 1780 1432 1814 his
1459 1779 1488 1813 si
1516 1779 1724 1814 detraxeris

192 1840 250 1877 13,
277 1849 373 1882 quae
401 1843 438 1872 et
463 1840 500 1874 in
529 1840 608 1874 orbi
637 1844 762 1874 vetere
797 1844 992 1880 crescunt,
1030 1839 1187 1874 habebis
1226 1839 1273 1873 ad
1308 1838 1604 1883 comparandum
1638 1850 1721 1873 cum

185 1907 330 1931 summa
357 1898 565 1942 specierum
593 1898 703 1932 huius
730 1899 879 1942 generis
906 1899 1084 1941 omnium,
1110 1909 1204 1943 quas
1225 1909 1292 1942 pro
1318 1898 1494 1940 genuinis
1521 1908 1717 1932 enumera-

187 1955 321 1997 vimus,
348 1969 532 1992 summam
559 1958 768 2001 specierum
787 1960 877 2002 ,156.
932 1957 1054 2000 Igitur
1077 1956 1338 2001 proportiones
1357 1956 1492 1990 efficies
1513 1956 1721 2000 specierum

234 2016 335 2050 orbis
363 2017 447 2051 novi
477 2018 522 2050 ad
550 2027 734 2051 summam
763 2016 927 2050 omnium
957 2031 1016 2046 Ξ
1043 2019 1110 2049 156
1138 2027 1146 2050 z
1173 2018 1244 2049 236
1266 2029 1329 2044 =
1359 2018 1371 2048 l
1406 2026 1414 2049 :
1444 2018 1476 2056 l,
1497 2018 1557 2050 51.

233 2075 333 2110 orbis
361 2076 503 2121 antiqui
533 2077 581 2110 ad
606 2086 787 2110 summam
816 2075 982 2110 omnium
1008 2090 1070 2105 =
1094 2077 1141 2109 66
1168 2086 1176 2108 :
1203 2077 1276 2109 236
1296 2087 1366 2104 -·=
1392 2077 1404 2107 ]
1438 2085 1447 2109 t
1473 2077 1510 2115 3,
1536 2077 1595 2109 58.
1645 2076 1648 2079 ’

235 2136 457 2170 Austrasiae
482 2136 689 2170 insularum
719 2135 764 2169 ad
792 2145 974 2169 summam
1003 2134 1167 2183 omnium
1188 2147 1259 2163 =
1283 2137 1306 2168 4
1333 2144 1342 2168 z
1372 2136 1445 2167 236
1470 2148 1533 2163 =
1557 2136 1571 2168 l
1600 2145 1608 2168 ε
1637 2137 1695 2169 59.

234 2195 445 2230 Insularum
463 2194 691 2230 Aucklandii
710 2199 747 2229 et
763 2194 985 2238 Campbellii
1013 2194 1171 2227 eandem
1192 2192 1471 2238 proportionem
1488 2209 1549 2224 =
1575 2197 1590 2227 l
1619 2205 1627 2228 z
1660 2197 1718 2228 59.

236 2253 345 2288 Nova
373 2255 578 2290 Hollandia
604 2255 777 2299 denique,
804 2253 1042 2298 pauperrima
1069 2252 1347 2298 Lejeuniarum,
1375 2263 1463 2297 pro-

281 2314 490 2358 portionem
519 2316 566 2349 ad
594 2325 774 2350 summam
802 2314 967 2349 omnium
994 2313 1119 2357 prodit
1168 2336 1423 2347 .....
1462 2328 1524 2343 =
1552 2315 1563 2347 l
1597 2324 1606 2347 :
1635 2314 1718 2347 236.

186 2411 213 2454 ξ.
254 2414 283 2444 l.
336 2411 710 2456 Phr-aymieomoicleae.
773 2407 1033 2444 Perianthium
1078 2418 1099 2441 a
1139 2411 1245 2451 tergo
1289 2417 1544 2452 compressum
1588 2410 1717 2441 ventre

187 2481 377 2511 convexo,
412 2471 522 2506 dorso
548 2470 725 2514 depresso
753 2468 810 2503 vel
837 2467 1133 2502 convexiusculo
1160 2466 1281 2508 laevi,
1317 2477 1381 2501 ore
1407 2466 1590 2500 bilabiato
1614 2474 1714 2498 mar-

373 2530 600 2576 ginibusque
627 2528 776 2569 cuiatis,
805 2528 971 2562 cristatis
998 2527 1168 2562 alatisve.
1220 2525 1538 2570 Integristipulae.

726 2620 760 2644 a.
812 2609 1022 2643 Periantltio
1047 2608 1176 2642 ciliato.

468 2685 498 2715 1.
554 2681 813 2728 Lejeunia
839 2680 1219 2715 transversantis
1247 2678 1294 2712 N.
1322 2678 1369 2712 ab
1394 2678 1437 2712 E.

285 2754 330 2788 L.
359 2752 454 2787 caule
478 2760 611 2800 repente
634 2753 816 2787 radicante
839 2751 1076 2797 subpimzatim
1100 2762 1255 2791 ramoso,
1278 2748 1384 2795 foliis
1408 2749 1504 2783 dense
1527 2748 1718 2783 imbricatis

188 2814 299 2846 ovatis
323 2812 451 2847 obtusis
477 2811 550 2846 basi
574 2823 712 2846 sursum
743 2812 852 2845 versis
875 2811 971 2857 apice
995 2809 1194 2856 suhdqflexis
1219 2809 1468 2854 inteyerrimis‚
1502 2807 1577 2842 basi
1599 2806 1717 2842 subtus

187 2870 370 2914 labamus,
404 2871 515 2906 {obulo
540 2870 657 2905 obtuso
681 2870 824 2916 inflexa,
858 2870 1118 2916 amplu‘yastriz's
1142 2869 1276 2913 mayolis
1301 2868 1493 2902 imbricatis
1516 2867 1715 2913 remgformi-

187 2932 344 2965 rotundis
372 2931 604 2977 inteyerrimis
629 2932 739 2969 medio
760 2929 892 2975 fibbis,
926 2930 1138 2975 periamleiz's
1165 2927 1366 2963 lateralibus
1390 2926 1717 2972 oberrato-oblongis
