1824 3252
768 218 980 263 Lepidozia.
1562 224 1626 255 211

190 336 222 375 β.
263 339 363 369 ramis
396 337 552 380 plurimis
592 335 786 374 attenuatis,
833 334 923 365 soliis
962 333 1113 375 margine
1159 343 1282 376 supero
1322 334 1458 372 ciliatis,
1504 334 1634 367 laciniis

262 395 438 427 subulatis.

393 454 659 495 Jungermannia
686 451 869 493 caudigera
896 448 943 484 N.
970 447 1014 482 ab
1039 448 1085 482 Ε.
1114 449 1185 483 Ms.

254 520 279 551 ι,
306 513 429 553 minor,
456 512 657 555 simpliciter
683 511 835 553 pinnata,
861 509 1001 540 ramulis
1027 510 1182 552 pluribus
1209 512 1386 543 attenuatis
1414 520 1446 543 et
1472 522 1634 555 processu

309 572 460 603 filiforrni
488 569 738 607 radicantibus,
775 569 860 599 ciliis
894 568 1058 609 marginis
1085 569 1197 610 superi
1225 569 1386 600 foliorum
1415 571 1529 613 paucis
1556 571 1634 600 lou-

308 631 472 671 gioribus.

252 696 267 710 ἢ
306 689 427 728 maior,
454 690 592 720 ramulis
620 687 790 719 nonnullis
818 687 941 717 iterum
970 684 1096 725 divisis,
1120 685 1277 728 pluribus
1297 689 1475 719 attenuatis
1492 689 1632 731 quidem

252 712 281 726 -‚

308 748 368 779 sed
395 749 427 778 in
456 748 587 789 apicem
615 747 810 777 filisormem
840 744 928 775 haud
957 745 1009 775 vel
1035 745 1150 775 minus
1176 745 1274 787 longe
1302 745 1518 787 abeuntibus,
1545 747 1632 778 soliis

310 808 462 847 margine
489 806 610 836 arctius
638 804 768 835 eiliatis.

214 862 371 896 Habitat
397 862 433 896 in
463 863 570 896 Nova
596 860 809 902 Hollandia‚
836 860 872 893 in
888 860 1003 894 Terra
1028 871 1099 894 van
1127 860 1300 896 Dieme‘n.
1351 863 1522 898 Formam
1548 878 1570 898 οι
1602 869 1631 907 l,

117 921 321 955 retulerunt
355 932 375 954 e
411 920 519 954 Nova
553 919 755 954 Hollandia
791 918 941 960 Sieber,
977 919 1258 955 Labillardiere.
1317 921 1458 955 Eadem
1501 923 1631 965 forma,

115 989 183 1012 nec
210 989 282 1012 non
308 981 330 1019 β
360 983 389 1014 l.
415 983 457 1021 2,
494 980 630 1013 adsunt
662 978 698 1012 in
727 978 914 1012 Herbario
944 978 1122 1020 Hookeri,
1161 979 1199 1013 in
1227 980 1340 1014 Terra
1373 991 1444 1014 van
1473 982 1631 1017 Diemen

116 1038 231 1080 lecta,
271 1041 293 1080 β
330 1042 367 1080 1,
411 1049 559 1082 quoque
602 1048 622 1071 e
663 1037 772 1071 Nova
809 1037 1033 1079 Hollandia,
1075 1038 1140 1071 ubi
1180 1048 1201 1071 a
1240 1039 1398 1074 Frasero
1432 1041 1528 1075 lecta
1561 1049 1630 1077 est.

115 1095 250 1130 Forma
275 1110 297 1130 α
323 1101 346 1131 2
372 1097 407 1131 in
430 1097 537 1131 Nova
556 1096 759 1131 Hollandia
786 1097 865 1130 sola
892 1097 1044 1130 inventa
1071 1096 1177 1130 adest
1211 1095 1247 1130 in
1274 1097 1404 1131 eodem
1431 1099 1628 1136 Herbario.

209 1157 365 1191 Formae
400 1157 508 1190 huius
543 1155 680 1200 speciei
714 1154 750 1188 in
767 1155 912 1198 Pugillo
946 1155 1062 1199 plant.
1090 1155 1134 1188 cl.
1162 1155 1367 1190 Lehmanni
1394 1158 1417 1191 l.
1445 1169 1475 1191 c.
1511 1159 1631 1193 minus

115 1214 183 1248 rite
206 1216 413 1259 expositae.
450 1216 626 1249 Pluribus
646 1214 911 1259 speciminibus
938 1214 1077 1248 exinde
1103 1214 1206 1256 visis,
1235 1215 1375 1248 nullum
1396 1217 1502 1251 nobis
1520 1229 1631 1266 super

62 1281 66 1285 ·
113 1278 170 1308 est
195 1275 362 1316 dubium,
390 1275 477 1319 quin
505 1286 634 1309 omnes
660 1274 698 1307 in
726 1274 883 1308 eandem
911 1273 1073 1317 speciem
1100 1274 1275 1318 coniungi
1301 1275 1474 1309 debeant.

446 1373 504 1404 32.
556 1368 848 1413 Lepidoaeia
874 1367 1061 1403 albula
1087 1369 1233 1412 Taylor.

207 1440 249 1473 L.
276 1440 370 1473 caule
403 1447 508 1473 erecto
534 1438 766 1485 subpimzatim
791 1450 942 1479 ‘ramo-90,
975 1440 1084 1472 ramis
1114 1440 1266 1473 decurris
1290 1447 1476 1475 attenuatis
1491 1469 1499 1481 ,
1525 1443 1630 1488 jbliis

111 1497 299 1532 imbricatis
322 1497 538 1532 vertis-(dibus
572 1499 723 1531 coni-ertu
754 1497 884 1543 oblique
915 1498 1180 1543 ovato-oblonyis
1211 1501 1364 1544 mmyine
1395 1502 1525 1535 (Iorscdi
1556 1502 1629 1537 basi

108 1554 273 1600 ampliato
306 1556 516 1591 subdentatis
547 1557 753 1602 quadrifidis
788 1557 922 1590 laciniis
955 1557 1325 1593 lanceolato-subnlatis
1359 1561 1509 1595 ineurvis
1540 1563 1625 1596 inte-

105 1615 284 1656 yet-rivas,
328 1616 585 1661 amphiqastriis
614 1615 832 1650 szzbrotmzclis
868 1617 1094 1662 inaequaliter
1126 1619 1247 1652 inciso·
1260 1617 1372 1661 (6-8
1387 1619 1624 1664 -)lacim'atis,

96 1673 224 1715 fructu
253 1700 259 1706 .
289 1699 295 1707 .
323 1700 330 1707 .

137 1737 140 1739 ’
298 1733 519 1778 Lindenbery
546 1739 578 1767 et
605 1733 768 1767 Gottsclze
794 1734 895 1780 Spee.
926 1735 1056 1781 Hepat.
1085 1739 1206 1770 inedit.

297 1794 562 1834 Jungermannia
597 1794 707 1824 albula
748 1792 889 1839 Ταμὼν.
933 1795 1062 1840 Heput.
1109 1802 1257 1828 amaret.
1291 1797 1326 1828 iu
1364 1796 1470 1830 Loml.
1496 1798 1621 1832 Journ.

381 1850 425 1895 qs
442 1849 574 1896 botany.
606 1853 707 1884 1844.
728 1864 767 1896 p.
793 1855 875 1886 387.
902 1865 936 1885 η.
961 1856 1020 1887 42.

202 1909 362 1944 Habitat
379 1909 414 1942 in
431 1909 503 1943 Ins.
516 1909 711 1943 Auckland
728 1910 773 1943 ad
789 1910 881 1944 alias
896 1911 1088 1955 hepaticas
1107 1922 1240 1956 repens
1257 1913 1338 1956 (Dr.
1351 1914 1621 1961 Hookerjun.).

199 1968 368 2002 Maxime
407 1967 524 2001 affinis
563 1967 608 2001 L.
636 1967 820 2010 alono-ici,
863 1970 931 2003 sed
969 1970 1117 2005 diversa
1152 1971 1248 2005 soliis
1283 1974 1450 2016 margine
1484 1976 1618 2010 dorsali

104 2027 337 2062 subdentatis
372 2038 442 2061 nee
475 2027 816 2069 serrato-ciliatis‚
856 2029 998 2063 laciniis
1033 2030 1254 2065 acuminatis
1285 2032 1532 2076 integerrimis
1566 2036 1622 2069 vel

105 2091 291 2121 serratura
319 2092 384 2121 aut
410 2087 572 2121 lacinula
599 2087 711 2120 unica
738 2087 859 2122 auctis
886 2098 953 2122 nee
980 2088 1127 2132 longius
1160 2089 1345 2124 subulatis
1378 2103 1492 2136 saepe
1526 2094 1618 2128 den-

102 2147 348 2188 tato-trifidis,
375 2145 651 2190 amphigastriis
678 2146 799 2181 minus
822 2147 1013 2182 evidenter
1029 2147 1259 2193 quadrifidis,
1286 2150 1352 2183 sed
1374 2151 1621 2196 inaequaliter

102 2203 140 2236 in
169 2203 322 2238 lacinias
346 2208 440 2239 3-6
465 2206 559 2239 fissis
587 2206 642 2240 vel
670 2205 915 2250 integerrimis
941 2207 1000 2242 vel
1027 2206 1188 2241 lacinula
1213 2218 1287 2241 una
1309 2208 1472 2245 alterave
1493 2222 1619 2246 rursus

103 2260 305 2297 instructis.
966 2272 969 2274 '

604 2322 689 2364 IV.
751 2325 1117 2380 capillatos.

196 2387 302 2423 Folia
316 2393 353 2423 et
366 2389 630 2434 amphigastria
648 2392 829 2436 profunde
846 2397 868 2428 3
885 2413 901 2420 -
919 2396 941 2427 6
957 2415 973 2419 -
986 2397 1007 2428 8
1020 2414 1036 2420 -
1049 2394 1207 2438 partita3
1234 2393 1392 2430 laciniae
1410 2396 1617 2441 capillares.

103 2446 358 2482 Perianthium
383 2450 760 2492 laciniato-ciliatum,
785 2453 822 2486 in
848 2463 925 2486 una
951 2453 1076 2498 specie
1103 2453 1384 2488 denticulatum.

373 2534 432 2565 33.
484 2533 773 2575 Lepidoaeia
792 2535 1107 2577 plumulosa
1132 2534 1162 2567 L
1203 2539 1241 2568 et
1269 2534 1336 2576 Lg.

196 2587 238 2622 L.
263 2588 358 2622 vaide
378 2590 615 2635 procumbente
633 2593 811 2638 pinnatim
841 2595 1165 2639 supracleeomposito
1196 2594 1367 2638 ramisque
1400 2592 1473 2626 basi
1490 2594 1615 2639 flayel-

101 2643 228 2688 liseria,
266 2649 413 2682 ramulis
441 2662 555 2683 versus
587 2653 715 2697 apicem
746 2652 1004 2686 decrescentibus
1027 2652 1305 2698 subaequalibus‚
1328 2652 1433 2697 jblie's
1455 2654 1614 2697 adproxi-

101 2704 203 2736 matc's
225 2704 502 2742 snbverticalibits
525 2710 863 2755 quadrato—0210catis
881 2713 1055 2757 prqfu-Jede
1081 2712 1253 2756 J-O'ficlis
1279 2711 1412 2744 Iac-iniis
1435 2711 1615 2751 szchulatis,

99 2760 355 2806 amplziyastriis
380 2756 653 2813 lato-quadratis
677 2768 751 2803 basi
767 2770 966 2816 patentibus
989 2778 1086 2805 trente
1109 2771 1390 2817 subquadrffidis,
1409 2771 1617 2815 perimitluiis

99 2818 303 2864 ‹ylinclricis‚
328 2836 384 2857 ore
406 2833 576 2861 contracto
600 2830 745 2862 dentato.

292 2881 513 2929 Lindenbery
539 2893 571 2921 et
599 2887 762 2922 Gottsclze
786 2888 885 2933 Spec.
914 2890 1047 2934 ,HepaL
1074 2890 1194 2923 ineslit.

287 2942 552 2984 Jungermannia
579 2949 770 2990 plnmulosa
799 2947 842 2981 L.
869 2954 900 2980 et
927 2948 989 2991 Ly.
1018 2949 1053 2980 in
1080 2948 1197 2981 Lehm.
1226 2947 1320 2990 Puy.
1340 2945 1391 2991 pl.
1422 2946 1613 2992 V1.1».30.

1240 3027 1330 3055 14·
