1824 3252
155 209 226 241 556
800 201 1035 236 Fimbriaria.

155 318 296 353 frondis
314 321 438 352 costae
458 315 608 360 penitus
628 314 804 349 immersa
824 319 936 360 atque
955 314 1340 359 innata‚epidermide
1357 319 1470 360 tecta,
1488 316 1682 362 papillosa.

156 377 285 413 Loculi
322 374 546 417 antherigeri
573 373 779 415 distantes,
808 375 944 415 erecti,
985 374 1021 408 in
1054 375 1190 408 collum
1218 375 1413 411 attenuati.
1467 376 1683 422 Apparatus

155 433 373 479 gemmipari
401 432 503 466 nulli.

249 492 451 535 Vegetatio
476 489 669 533 frondosa,
698 496 763 526 aut
789 496 868 527 tota
895 496 959 526 aut
978 492 1185 527 secundum
1213 492 1350 527 lineam
1369 492 1529 527 mediam
1552 495 1683 529 saltem

151 552 362 586 incrassata
389 555 426 585 et
451 555 530 585 tum
556 561 645 585 vero
672 551 1050 593 costato-carinata,
1078 551 1191 585 bifida
1220 555 1286 586 aut
1311 562 1359 586 ex
1387 553 1493 597 apice
1520 556 1680 598 emargi-

152 615 240 645 nato
265 611 470 652 innovans,
507 610 707 645 mediocris
735 616 799 645 aut
826 622 964 655 parva,
998 611 1196 655 superficie
1230 611 1426 645 confertim
1461 618 1500 647 at
1525 614 1684 648 obscure

152 675 189 704 et
216 671 386 705 obsolete
413 669 622 712 reticulata,
650 670 828 705 distincte
855 681 1008 715 porosa,
1034 670 1167 705 subtus
1193 681 1393 715 squamosa
1419 672 1585 716 squamis
1609 673 1680 706 im-

153 729 305 764 bricatis
331 729 451 773 magis
477 729 649 763 minusve
676 731 908 774 conspicuis;
935 730 1040 764 strati
1069 730 1249 774 hypopori
1271 730 1453 765 cavitates
1471 732 1682 773 distinctae,

150 789 358 832 parietibus
394 788 652 822 validiusculis
692 789 873 824 inferiora
915 800 1042 824 versus
1081 789 1242 833 hyalinis
1279 788 1376 824 infra
1414 789 1681 833 epidermideni

150 848 338 883 coloratis.
882 841 887 846 ⁴

246 907 446 942 Plantulae
473 907 705 952 rupincolae‚
733 908 941 951 terricolae,
970 908 1210 950 muscicolae,
1236 907 1274 942 in
1298 907 1486 942 montibus
1510 908 1679 952 alpibus-

148 977 220 1011 que
247 971 322 1000 tam
351 967 546 1009 regionum
574 968 802 1012 tropicarum
830 979 942 1012 quam
970 966 1309 1011 extratropicarum
1338 971 1562 1003 crescentes.

245 1027 401 1070 Species
428 1027 601 1071 cognitae
629 1034 715 1062 sunt
741 1031 799 1062 22.
854 1027 1001 1062 Harum
1023 1031 1044 1062 7
1072 1031 1246 1061 crescunt
1263 1027 1301 1060 in
1319 1027 1482 1070 Europa,
1512 1026 1577 1068 (ad
1604 1026 1633 1069 ξ.
1664 1030 1677 1059 l

149 1085 336 1129 pertinent
362 1089 404 1127 6,
445 1087 492 1121 ad
520 1089 551 1129 §.
578 1090 622 1128 2,
667 1090 702 1127 l,
741 1086 890 1120 illarum
920 1091 1043 1120 autem
1072 1097 1167 1127 una,
1204 1087 1282 1120 scil.
1310 1086 1356 1120 F.
1382 1085 1515 1131 eleyans
1540 1090 1618 1120 tum
1645 1087 1682 1120 in

148 1146 316 1187 Corsica,
343 1150 421 1180 tum
448 1146 486 1180 in
514 1146 644 1180 Insula
677 1144 900 1190 Hispaniola
929 1145 1151 1193 ipvenitur).
1204 1145 1360 1189 Species
1388 1146 1586 1180 Africanas
1613 1147 1682 1180 ha-

147 1205 278 1238 bemus
305 1209 348 1246 4,
392 1208 408 1238 l
447 1217 494 1240 ex
526 1207 655 1240 Insula
685 1204 874 1246 Mauritii,
918 1208 933 1238 l
973 1216 993 1239 e
1034 1204 1295 1239 Promontorio
1332 1205 1463 1240 Bonae
1497 1206 1606 1250 Spei,
1645 1211 1683 1241 et

147 1264 217 1298 hae
255 1264 406 1308 quidem
449 1266 593 1309 primae
628 1270 717 1299 sunt
752 1263 954 1306 sectionis;
1004 1268 1018 1297 l
1056 1264 1092 1298 in
1125 1265 1301 1308 Algeria,
1348 1268 1364 1298 1
1407 1265 1444 1299 in
1479 1265 1681 1308 Abyssinia

147 1328 342 1365 crescunt,
390 1335 548 1368 quarum
598 1325 714 1358 altera
762 1323 897 1358 tertiae
951 1328 1008 1357 est
1051 1324 1241 1358 sectionis.
1313 1323 1445 1358 Indiae
1488 1324 1680 1359 orientalis

148 1382 317 1426 regiones
365 1384 534 1427 tropicae
578 1388 615 1417 et
656 1383 855 1417 calidiores
899 1382 1045 1426 species
1087 1383 1260 1427 proprias
1294 1383 1446 1417 'habent
1483 1386 1526 1424 5,
1583 1395 1680 1428 quae

146 1452 276 1476 omnes
317 1453 336 1476 e
375 1444 562 1477 montanis
610 1442 822 1488 alpinisque
872 1442 1100 1477 continentis
1147 1443 1298 1476 adlatae
1349 1447 1437 1477 sunt
1475 1453 1680 1488 earumque

150 1504 162 1536 1
196 1503 243 1536 ad
278 1503 483 1536 sectionem
518 1502 696 1546 primam,
736 1506 759 1536 4
793 1503 840 1537 ad
879 1503 1084 1536 secundam
1125 1502 1326 1547 pertinent.
1387 1503 1477 1537 Asia
1519 1502 1680 1536 borealis

145 1561 452 1606 (Kamtscbatka)
478 1562 640 1606 speciem
675 1565 686 1597 Ι
717 1562 868 1603 tribuit,
897 1562 1070 1597 America
1098 1562 1400 1606 septentrionalis
1428 1565 1466 1603 l,
1505 1561 1678 1596 America

145 1621 288 1665 tropica
323 1620 526 1667 (Brasilia,
561 1621 713 1655 Insulae
740 1622 938 1656 Americae
972 1622 1255 1665 occidentalis),
1290 1622 1319 1656 si
1347 1622 1393 1656 F.
1420 1621 1607 1665 eleyantem
1641 1621 1677 1654 in

144 1680 296 1724 Europa
320 1691 468 1725 quoque
495 1686 723 1716 crescentem
750 1682 961 1722 adiicimus,
987 1685 1012 1717 4
1037 1682 1113 1716 fere
1139 1681 1306 1726 species,
1343 1692 1501 1726 quarum
1534 1684 1558 1715 2
1590 1686 1678 1715 sunt

144 1739 299 1783 primae,
321 1741 491 1775 2tertiae
519 1741 708 1776 sectionis.
762 1742 793 1775 E
822 1741 930 1776 Nova
946 1741 1153 1775 Hollandia
1178 1752 1254 1775 una
1282 1741 1482 1776 adnotatur
1507 1740 1672 1784 species:

144 1810 163 1832 e
203 1799 310 1833 Nova
350 1799 557 1835 Zeelandia
594 1812 707 1835 unam
756 1801 1015 1844 cognovimus.
1096 1800 1324 1844 „Singulare
1367 1800 1515 1834 videtur
1558 1810 1675 1842 genus

143 1857 212 1891 hoc
239 1858 276 1891 in
304 1863 461 1904 utraque
488 1860 750 1904 hemispliaera
777 1861 878 1895 orbis
904 1865 1086 1895 terrarum
1118 1865 1155 1894 et
1181 1860 1218 1894 in
1246 1860 1344 1894 omni
1372 1860 1453 1895 eius
1480 1859 1676 1893 latitudine

145 1916 376 1960 indigenum,
402 1918 439 1952 in
459 1919 678 1953 Britanniae
697 1919 830 1954 insulis
846 1920 1040 1965 hucusque
1064 1931 1137 1954 non
1165 1930 1250 1957 esse,
1275 1920 1508 1954 inventum.“
1538 1919 1675 1962 (Tayl.)

192 2010 222 2042 1.
276 2010 432 2054 Species
459 2012 659 2054 genuinae,
696 2013 906 2056 perianthio
932 2013 1165 2048 involucrum
1193 2014 1388 2048 evidenter
1414 2020 1626 2057 superante.

597 2094 626 2135 ἕ.
657 2097 686 2127 1.
740 2094 954 2128 Perianthz'a
979 2095 1216 2139 dependentia.

495 2167 523 2196 1.
575 2164 908 2201 Fimbriam-ia
932 2166 1189 2211 Boryana
1217 2165 1333 2199 Mont.

237 2234 283 2268 F.
306 2234 439 2279 fronde
477 2233 604 2268 lineari
636 2235 787 2282 simplici
804 2237 1019 2282 fici-cataque
1051 2236 1171 2270 subtus
1196 2248 1339 2270 convent
1371 2248 1552 2281 squamosa
1575 2245 1673 2273 atro-

135 2305 318 2339 pmpurea
351 2307 458 2341 supra
495 2294 602 2327 viridi
639 2295 825 2341 suhporosa
863 2295 1079 2340 maryinibus
1118 2295 1272 2330 siccitate
1304 2295 1486 2339 involutis,
1521 2304 1672 2343 recepta-

140 2351 215 2384 culo
229 2352 385 2397 femineo
409 2366 550 2387 convexo
574 2365 697 2398 ruyoso
722 2356 856 2401 saepius
882 2355 1005 2388 trilobo
1029 2354 1147 2389 subtus
1165 2355 1318 2396 barbato,
1338 2356 1672 2402 pedunculoylabro,

135 2413 344 2456 periantltiis
369 2414 523 2458 oetcfirlis
549 2413 686 2448 laciniis
711 2416 808 2460 apice
833 2414 1099 2448 cohaerentibus.

331 2474 538 2506 Fimbriaria
573 2475 728 2518 Boryaua
765 2475 882 2508 Mont.
923 2474 1020 2508 C'ent.
1050 2474 1102 2520 pl.
1135 2475 1206 2508 cell.
1242 2476 1275 2508 in
1312 2476 1409 2509 Arm.
1445 2476 1502 2509 des
1526 2488 1570 2510 Sc.
1598 2483 1670 2510 vat.

417 2536 452 2566 2.
480 2533 592 2567 serie.
620 2533 695 2567 IX.
725 2534 871 2576 (1838.)
892 2546 931 2579 p.
960 2537 1018 2568 41.
1046 2546 1080 2567 n.
1108 2537 1165 2568 71.

332 2593 543 2625 Marchaniia
571 2594 832 2637 s3⁷ngeuesica*)
861 2592 962 2638 Bory
986 2594 1026 2626 (Ie
1040 2592 1097 2626 St.
1118 2593 1213 2626 Vive.
1247 2592 1328 2639 Voy.
1357 2595 1445 2628 dans
1470 2594 1516 2627 les
1535 2602 1671 2640 quatre>-

411 2651 625 2698 prz'ncipales
651 2651 711 2685 iles
738 2653 793 2686 cles
818 2664 908 2686 mers
933 2652 1138 2698 d'Afi·ique.
1166 2652 1218 2686 II.
1242 2663 1280 2696 p.
1308 2655 1366 2686 95.
1424 2652 1516 2687 Web.
1536 2654 1669 2688 Prmlr.

410 2723 448 2755 p.
481 2714 558 2745 144.

198 2818 231 2859 ³⁶)
284 2819 421 2851 Nomen
460 2833 476 2851 a
512 2822 665 2861 „laciniis
700 2822 881 2864 periantbii
915 2822 1009 2864 apice
1047 2821 1353 2861 cohae1·entibus“,
1392 2835 1473 2865 quas
1516 2824 1669 2856 antheras

285 2890 357 2910 esse
385 2879 526 2922 putabat
555 2889 682 2921 auctor,
710 2880 923 2920 derivatum,
960 2881 1191 2924 improprium
1219 2892 1299 2913 sane
1326 2884 1470 2925 iureque
1497 2893 1558 2913 suo
1586 2895 1602 2914 a
1629 2884 1669 2913 el.

284 2937 470 2981 Montagne
513 2949 723 2984 expunctum
763 2949 822 2972 est.
873 2939 987 2972 Verba
1028 2949 1141 2973 autem
1183 2942 1224 2973 cl.
1264 2943 1412 2974 auctoris
1450 2942 1533 2974 haec
1572 2951 1668 2974 sunt:
