1824 3252
174 171 247 203 236
811 161 1065 196 Trichocolea.

736 274 1052 328 Subtribus
1094 277 1147 328 6.

538 374 1016 426 Ptiliclieae
1067 371 1240 420 Ν.αό
1279 373 1348 420 E.

292 464 676 519 Mastigophoreae
708 463 766 504 N.
790 463 842 503 αῖ)
866 463 920 505 Ε.
944 463 1059 517 Hep.
1089 462 1199 502 Eur.
1235 461 1328 502 ΙΙΙ.
1354 476 1404 516 p.
1437 461 1494 503 87
1525 470 1565 503 et
1595 462 1694 504 573.

176 537 261 579 IV.
298 553 347 592 p.
381 533 579 575 XXIV.
643 532 882 572 Endlz'clcer
920 532 1027 572 Gen.
1053 546 1102 586 p.
1135 530 1264 572 1342.
1332 530 1700 584 Jungermanniae

176 606 459 648 Cladorhizae
502 603 561 643 N.
602 602 654 641 ab
696 602 749 642 E.
797 601 911 656 Hep.
953 600 1053 641 Jav.
1094 615 1145 641 ex
1177 608 1310 656 parte
1349 607 1387 641 et
1426 599 1607 642 Ptilidia
1639 602 1698 642 N.

174 677 227 717 ab
260 676 315 716 E.
349 675 463 728 Hep.
499 672 610 711 Eur.
649 663 749 711 III.¹
774 686 825 725 p.
864 670 937 710 99.
970 668 1058 710 1V.
1094 685 1142 725 p.
1178 669 1347 710 XXV.
1392 685 1432 710 η.
1466 670 1507 711 6.
1580 671 1699 711 End-

174 745 309 785 lieher
344 743 452 783 Gen.
478 757 526 797 p.
562 740 690 782 1341.

290 824 480 879 Capsula
512 821 819 870 coriacea„ad
853 821 974 861 basin
1008 835 1145 874 usque
1177 819 1488 874 quadrivalvis,
1524 815 1700 862 valvulis

173 894 356 935 subinde
400 893 564 933 incisis.
635 891 836 950 Elateres-
874 891 1038 945 bispiri.
1110 888 1295 930 Fructus
1340 895 1413 928 aut
1450 891 1699 940 terminalis,

175 968 248 1004 aut
279 962 440 1003 ramulo
474 962 596 1002 brevi
629 960 796 1001 laterali
828 961 1079 1015 impositus,
1125 958 1345 998 involucro
1388 972 1530 998 crasso
1569 958 1700 998 denso

176 1031 423 1087 polyphyllo
457 1045 480 1070 e
511 1030 625 1069 foliis
658 1030 894 1069 imbricatis
917 1028 1129 1083 profunde
1151 1028 1318 1082 partitis
1340 1027 1702 1080 interioribusque

178 1103 269 1142 basi
303 1114 449 1141 secum
482 1105 526 1139 et
557 1113 651 1138 cum
686 1098 915 1153 periantbii
950 1098 1039 1137 basi
1081 1097 1208 1135 unitis
1252 1095 1317 1135 vel
1359 1109 1454 1135 cum
1498 1096 1619 1135 thoro
1657 1097 1701 1136 in

180 1171 380 1225 vaginam
414 1168 758 1209 coalescentibus
791 1167 971 1206 cinctus.
1024 1164 1320 1205 Perianthium
1356 1164 1421 1204 vel
1454 1179 1548 1204 eum
1581 1166 1700 1205 invo-

174 1240 294 1279 lucro
330 1238 550 1278 confluens
584 1242 626 1276 et
649 1236 700 1276 ad
729 1236 918 1290 speciem
941 1235 1110 1274 omnino
1143 1232 1364 1282 deficiens,
1398 1232 1465 1272 vel
1497 1235 1626 1274 breve
1658 1240 1703 1274 et

176 1308 400 1349 involucro
434 1306 672 1352 inclusum,
707 1305 773 1344 vel
806 1309 1047 1351 exsertum,
1082 1309 1219 1350 teres,
1253 1301 1472 1342 involucro
1505 1307 1592 1343 tuin
1625 1302 1700 1342 oli-

173 1377 391 1433 gophyllo.
472 1374 598 1415 Folia
643 1376 826 1422 incuba,
881 1375 1040 1422 divisa,
1094 1373 1275 1413 subinde
1326 1372 1469 1413 lobulo
1521 1371 1701 1412 ventrali

170 1445 394 1500 praedita,
441 1443 642 1484 decurva.
718 1443 994 1484 Ramificatio
1036 1457 1166 1497 vaga,
1219 1442 1286 1483 vel
1327 1443 1524 1497 pinnata,
1573 1442 1700 1482 ramis

174 1514 357 1554 subinde
406 1514 639 1553 attenuatis
684 1513 977 1553 radicantibus
1018 1512 1084 1553 vel
1129 1512 1366 1552 stolonibus
1415 1525 1558 1552 eorum
1604 1511 1697 1551 loco

173 1583 497 1631 accedentibus,
531 1581 599 1622 vel
633 1582 827 1621 omnibus
861 1581 1150 1621 conformibus
1184 1582 1448 1634 obtusisque.

291 1663 541 1718 Hepaticae
574 1668 824 1710 terrestres,
857 1662 1088 1702 nonnullae
1121 1662 1249 1701 etiam
1283 1660 1534 1708 corticolae,
1575 1672 1699 1713 gran-

169 1732 412 1780 diusculae,
445 1732 682 1786 speciosae,
718 1732 952 1786 pleraeque
984 1731 1100 1771 zonis
1135 1730 1285 1770 calidis
1319 1730 1577 1784 adscriptae.

479 1858 650 1899 XXV.
717 1858 1150 1903 Trichocolea
1191 1858 1390 1899 Dumort.

170 1939 300 1973 Comm.
329 1938 395 1972 bot.
424 1952 462 1984 p.
489 1942 569 1972 113.
597 1939 687 1985 Syll.
714 1939 896 1983 szyerm.
921 1952 958 1984 p.
985 1942 1042 1972 66.
1069 1953 1103 1972 η.
1131 1942 1163 1973 8.
1192 1946 1216 1972 t.
1249 1939 1331 1983 l·.f.
1359 1941 1391 1973 8.
1444 1939 1492 1972 Ν.
1519 1938 1561 1972 (ιῖ)
1588 1938 1634 1971 Ε.
1661 1939 1699 1971 in

168 1997 286 2032 Limll.
314 1998 450 2030 Introd.
483 1998 533 2030 ed.
567 2001 599 2031 2.
634 2010 673 2043 p.
701 2001 783 2031 414.
851 1998 944 2042 Hep.
972 1998 1063 2031 Eur.
1093 1999 1167 2032 III.
1198 2011 1237 2043 p.
1272 2001 1346 2032 103.
1391 1998 1457 2032 IV.
1485 2011 1522 2043 p.
1550 1998 1698 2031 LVIII.

166 2070 201 2092 u.
232 2061 287 2092 19.
338 2056 525 2090 Emlliclzer
562 2057 647 2090 Gen.
676 2070 715 2102 p.
746 2059 849 2090 134¹.
885 2069 919 2090 n.
955 2055 1106 2100 472s15.
1170 2056 1328 2089 Gottsehe
1359 2058 1396 2089 in
1434 2056 1480 2088 N.
1515 2055 1596 2088 Act.
1628 2055 1696 2090 Ac.

167 2117 258 2152 Nat.
286 2116 370 2150 Cur.
398 2115 516 2150 XXI.
542 2119 576 2150 2.
597 2129 636 2161 p.
663 2119 746 2150 335.
797 2115 1116 2158 Jungermanniae
1144 2126 1267 2159 specc.
1295 2122 1400 2149 mcc-tt.

268 2189 511 2223 Involucrum
546 2187 742 2222 terminale
778 2187 815 2221 in
851 2187 1095 2229 dichotomia‚
1133 2198 1153 2221 e
1190 2191 1270 2221 toro
1304 2198 1386 2221 cum
1422 2187 1518 2221 foliis
1545 2188 1694 2222 involu-

170 2249 336 2283 cralibus
364 2248 602 2282 coalescente
629 2247 894 2291 calyptraeque
931 2247 965 2280 ei
998 2247 1195 2280 immersae
1231 2246 1370 2280 adnato
1404 2250 1541 2287 ortum,
1580 2248 1694 2281 tubu-

166 2308 301 2349 losum,
329 2312 441 2349 teres,
469 2306 701 2347 coriaceum,
729 2307 932 2345 hirsutum,
959 2305 1066 2349 apice
1092 2305 1232 2350 pistilla
1258 2305 1428 2340 abortiva
1454 2306 1598 2347 ferens,
1633 2317 1696 2341 ore

165 2366 420 2410 irregulariter
458 2367 582 2399 lacero
621 2365 762 2409 patulo.
799 2364 1059 2398 Perianthium
1095 2365 1249 2398 nullum.
1310 2365 1476 2409 Capsula
1507 2365 1553 2398 ad
1586 2365 1696 2399 basin

165 2437 285 2471 usque
320 2425 592 2471 quadrivalvis‚
634 2424 776 2468 rigida3
815 2424 972 2458 elateres
1009 2424 1152 2468 bispiri.
1216 2425 1404 2459 Antherae
1444 2424 1619 2458 axillares
1657 2424 1694 2458 in

166 2485 283 2518 latere
316 2484 434 2518 caulis
461 2484 621 2526 dorsali,
656 2484 854 2527 globosae,
889 2484 1077 2519 filamento
1111 2484 1235 2526 brevi,
1269 2484 1366 2518 foliis
1399 2483 1694 2525 perigonialibus

166 2544 433 2578 conformibus.
486 2543 593 2577 Folia
620 2542 778 2584 innuba,
805 2543 1056 2586 palmatifida,
1083 2542 1229 2576 laciniis
1256 2542 1454 2576 laciniatis.

264 2613 424 2647 Plantae
450 2614 666 2657 terricolae,
707 2613 937 2658 uliginosam,
972 2615 1156 2658 pallidae,
1193 2613 1378 2659 pinnatim
1404 2614 1632 2658 compositae
1657 2618 1695 2648 et

167 2671 457 2716 decompositae.

262 2743 417 2787 Species
442 2747 486 2787 3,
522 2755 597 2779 una
623 2745 661 2779 in
689 2745 865 2789 Europa,
902 2745 1035 2781 Indiae
1067 2744 1258 2780 orientalis
1285 2748 1322 2778 et
1348 2744 1591 2780 occidentalis
1615 2749 1693 2779 tam

171 2801 386 2838 continente
412 2814 524 2848 quam
549 2803 683 2838 insulis
710 2808 746 2838 et
772 2804 810 2837 in
838 2803 1011 2839 America
1038 2804 1179 2839 boreali
1205 2814 1390 2847 crescens,
1419 2805 1534 2839 altera
1561 2816 1581 2839 e
1607 2804 1689 2839 sinu

170 2860 307 2905 Dusky
320 2863 400 2906 Bay
419 2862 552 2898 Novae
566 2863 794 2898 Zeelandiae
821 2863 1002 2907 advecta3
1028 2864 1189 2906 tertiam,
1218 2864 1424 2899 secundum
1451 2864 1519 2898 cel.
1541 2863 1692 2907 Taylori

167 2922 390 2957 sententiam
417 2922 489 2958 huc
515 2923 760 2966 referendam,
788 2934 837 2958 ex
866 2924 1007 2960 Insulis
1035 2924 1232 2961 Auckland
1261 2924 1385 2959 attulit
1410 2924 1455 2959 cl.
1483 2922 1648 2959 Hooker.
