1824 3252
837 212 943 242 VIII

266 331 429 393 Igitur
465 328 655 375 socium
691 326 998 373 desideranti
1034 326 1217 389 operis,
1266 325 1356 388 qui
1402 341 1463 371 ex
1502 324 1646 371 libris

135 424 283 470 editis
318 423 585 485 diagnoses
628 428 678 467 et
723 436 1008 483 synonyma
1053 417 1333 482 specierum
1379 419 1646 481 hucusque

134 522 542 562 enumeratarum
569 513 855 559 extraheret
880 520 1036 575 atque
1068 529 1131 558 ex
1159 510 1353 557 schedis
1390 510 1512 557 meis
1547 528 1644 567 eas,

136 626 262 672 quas
306 608 413 670 ipse
459 604 706 651 diuturno
756 604 935 650 horum
990 602 1355 667 vegetabilium
1411 619 1505 649 usu
1555 612 1646 650 aut

133 700 331 763 primus
354 695 715 759 descripseram
751 702 841 741 aut
879 695 1021 742 novis
1055 694 1498 742 observationibus
1532 696 1648 742 illu-

133 800 428 844 straveram,
482 788 533 834 in
588 787 817 835 ordinem
874 787 1123 851 redigeret
1176 795 1334 851 atque
1381 787 1646 834 commode

132 881 459 937 exscriberet,
513 898 618 928 sors
671 880 794 927 mihi
842 880 1037 950 obtulit
1086 881 1461 935 Pauclcertum,
1510 897 1646 926 nunc

130 973 585 1036 Pharmacopolam
622 973 1188 1030 Treuenbrietzensem,
1239 981 1362 1020 tunc
1400 974 1646 1037 temporis

130 1075 298 1114 autem
336 1065 662 1113 Vratislaviae
698 1074 1121 1123 commorantem,
1169 1066 1259 1130 qui
1306 1067 1459 1114 huius
1496 1068 1643 1130 plan-

130 1170 299 1208 tarum
337 1159 559 1206 familiae
594 1158 767 1206 studio
803 1159 990 1207 ductus
1025 1177 1230 1224 operam
1270 1177 1412 1206 suam
1437 1169 1510 1207 est
1535 1162 1645 1225 pol-

130 1256 303 1303 licitus
343 1262 393 1300 et
441 1253 713 1300 maximam
760 1261 956 1316 partem
1006 1270 1205 1310 eorum,
1255 1271 1386 1318 quae
1424 1253 1485 1300 ad
1531 1271 1645 1317 pro-

129 1348 354 1412 positum
393 1364 559 1393 meum
600 1347 874 1394 necessaria
921 1347 1252 1403 videbantur,
1298 1346 1433 1394 horis
1477 1348 1645 1394 subse-

130 1441 253 1488 civis
298 1457 392 1504 pro
437 1439 631 1486 viribus
680 1440 1023 1503 praeparavit.
1097 1439 1162 1486 Et
1210 1441 1247 1487 si
1299 1440 1429 1505 quid
1472 1450 1545 1488 est
1588 1442 1641 1489 in

128 1533 226 1579 isto
262 1532 540 1596 principio,
579 1533 719 1597 quod
756 1531 874 1579 libri
912 1532 1062 1580 huius
1098 1533 1450 1581 conscribendi
1498 1535 1645 1583 ratio-

130 1642 244 1671 nem
295 1642 323 1671 a
373 1643 451 1671 me
502 1626 680 1673 initam
736 1627 1088 1686 commendare
1149 1627 1309 1690 possit
1366 1628 1646 1675 lectoribus

128 1717 382 1782 laudeque
417 1718 633 1781 dignum
670 1719 856 1774 videri,
915 1737 1030 1766 sane
1065 1718 1218 1766 huius
1254 1719 1422 1766 laudis
1457 1721 1647 1783 praeci-

129 1827 234 1872 pua
285 1828 403 1872 pars
449 1811 739 1858 Pauckerto
795 1811 1036 1867 debetu1·;
1097 1829 1190 1875 ego
1235 1812 1420 1858 etenim
1466 1814 1647 1860 multis

131 1902 551 1965 gravioribusque
614 1902 789 1949 eodem
847 1911 1079 1966 tempore
1146 1904 1362 1950 obrutus
1426 1905 1645 1967 negotiis

130 2010 260 2057 opus
295 1995 415 2049 hoc,
454 1993 666 2051 etiamsi,
719 1994 793 2041 uti
833 2002 943 2041 tum
980 1995 1182 2042 animus
1217 2004 1341 2051 erat,
1379 2004 1644 2059 promtum

129 2093 254 2132 esset
288 2086 472 2133 effectu
509 2095 599 2134 aut
639 2095 772 2134 certe
804 2104 902 2135 non
928 2088 1165 2144 arduum,
1202 2087 1285 2135 vix
1314 2105 1645 2152 aggressurus

129 2178 349 2225 fuissem.

258 2286 397 2336 Quae
443 2286 594 2333 modo
639 2287 701 2334 de
745 2289 912 2351 operis
957 2289 1109 2336 huius
1162 2289 1341 2354 primis
1381 2290 1529 2337 lineis
1578 2290 1643 2337 ad

129 2377 401 2426 humiliora
452 2380 743 2444 effectuque
804 2381 1032 2430 faciliora
1093 2383 1446 2447 spectantibus
1515 2383 1642 2438 dixi,

128 2468 226 2516 iam
266 2472 568 2534 exponenda
603 2481 736 2522 sunt.

261 2576 315 2623 ln
353 2578 500 2625 rebus
536 2580 771 2628 humanis
806 2599 863 2628 ea
901 2581 1286 2639 tantummodo,
1333 2599 1465 2646 quae
1507 2583 1642 2630 iusto

129 2667 407 2732 debitoque
444 2671 540 2719 sibi
578 2680 805 2738 tempore
845 2675 992 2731 fiunt,
1030 2677 1095 2723 ad
1131 2694 1297 2724 veram
1337 2676 1493 2723 vitam
1533 2694 1644 2740 per-

132 2760 298 2807 venire
342 2770 391 2808 et
444 2781 587 2811 usum
627 2775 941 2828 praesentem
990 2778 1302 2834 gratumque
1346 2769 1641 2818 hominibus
