1824 3252
153 188 217 219 172
769 186 1051 229 Chiloscyplius.

148 299 396 333 inhaerentes.
454 298 559 332 Folia
594 298 840 342 perigonialia
876 298 1075 332 di-rarius
1110 299 1353 341 monoclinia,
1388 300 1546 334 caulinis
1582 312 1667 335 con-

146 357 277 391 formia
304 358 428 392 lobulo
455 357 591 391 dorsali
620 357 698 390 basi
727 362 889 391 saccato.

243 417 370 451 Caulis
397 420 601 461 prostratus
629 421 694 449 aut
714 426 860 459 repens,
889 415 1048 450 subinde
1067 416 1228 458 fluitans,
1256 417 1667 462 divergenti-ramosus.

145 474 250 508 Folia
276 475 458 516 succuba,
495 474 739 508 horizontalia
766 479 831 508 aut
857 474 1164 516 semiverticalia,
1201 476 1237 510 in
1273 477 1382 511 dorso
1418 478 1536 512 caulis
1572 477 1668 511 linea

144 533 293 577 obliqua
321 533 568 574 decurrentia,
595 533 632 566 in
660 533 790 576 paucis
816 544 933 577 parvo
961 532 1074 568 limbo
1100 539 1279 575 connata;
1317 540 1381 569 aut
1406 536 1567 579 integra,
1604 540 1668 569 aut

144 592 249 635 apice
285 598 429 633 retusa,
470 597 535 626 aut
569 592 905 636 bi-pluridentata,
953 593 1117 627 recentia
1158 593 1375 628 succulenta
1420 599 1456 628 et
1490 595 1666 634 colorata,

144 656 227 694 post
253 652 544 686 exsiccationem
580 651 737 685 flaccida
771 656 806 685 et
841 651 980 696 pallida
1007 656 1072 686 aut
1098 652 1332 696 nigricantia.
1390 652 1668 696 Amphigastria

143 712 179 744 in
207 711 391 750 omnibus,
428 710 553 744 variae
579 710 850 754 magnitudinis
878 715 989 755 atque
1017 711 1177 752 formae,
1216 711 1332 745 libera
1371 716 1435 746 aut
1461 721 1544 745 cum
1571 709 1667 744 foliis

143 769 322 803 subiectis
355 769 551 803 decursive
588 774 770 811 connata,
812 770 935 814 typice
971 769 1104 811 bifida,
1150 770 1294 804 laciniis
1329 771 1386 805 vel
1422 768 1668 812 integerrimis

143 831 199 863 vel
235 829 417 871 dentatis,
469 828 551 862 aliis
578 828 874 872 pluridentatar
918 832 1068 864 textura
1108 829 1458 873 amphigastriorum
1498 828 1666 863 foliorum

142 893 358 923 contextum
387 887 509 922 refert.
562 887 815 922 Fructificatio
843 898 965 933 ‘saepe
1000 889 1110 932 longe
1146 889 1193 923 ab
1230 889 1337 933 apice
1370 888 1488 922 caulis
1515 891 1667 926 remota,

143 949 188 983 ab
222 949 327 982 initio
363 948 432 981 sub
465 947 552 981 folio
586 947 642 981 sui
680 947 806 981 lateris
843 947 984 988 latens,
1029 948 1114 981 dein
1152 948 1408 990 adscendens,
1450 957 1562 993 quam
1599 956 1665 989 pro

140 1014 280 1043 statura
297 1008 447 1051 plantae
462 1007 590 1045 minor,
614 1006 678 1040 sed
695 1006 895 1049 pedunculi
918 1012 954 1041 et
975 1008 1154 1051 capsulae
1168 1018 1302 1050 magna
1317 1011 1428 1052 atque
1448 1004 1664 1049 conspicua.

239 1068 397 1102 Plantae
425 1067 462 1099 in
489 1065 706 1100 universum
733 1065 1036 1108 grandiusculae,
1064 1066 1382 1109 Lophocolearum
1410 1063 1664 1104 similitudine,

141 1130 368 1170 prostratae,
412 1124 589 1158 radiculis
625 1125 672 1158 ad
709 1124 1059 1168 amphigastriorum
1097 1126 1204 1159 basin
1241 1125 1447 1160 orientibus
1481 1127 1663 1167 repentes,

138 1190 329 1219 terrestres
357 1189 422 1218 aut
447 1184 484 1217 in
511 1184 648 1218 muscis
675 1184 911 1227 parasiticae.

236 1245 358 1279 Maior
392 1254 480 1287 pars
518 1243 729 1287 specierum
771 1244 809 1277 in
843 1254 937 1277 zona
983 1243 1159 1277 calidiore
1194 1243 1349 1284 crescit,
1386 1252 1543 1287 quarum
1580 1240 1660 1285 ple-

140 1313 276 1346 raeque
303 1302 580 1346 amphigastriis
606 1302 813 1337 decursivis
840 1303 1009 1346 insignes
1027 1307 1125 1337 sunt.
1166 1303 1278 1344 Quod
1299 1303 1344 1336 ad
1364 1300 1663 1336 distributionem

138 1361 346 1405 specierum
372 1361 462 1404 (33)
488 1361 597 1396 hodie
624 1362 870 1405 cognitarum,
898 1363 989 1396 haec
1016 1363 1280 1397 observamus:
1320 1364 1494 1395 crescunt
1518 1359 1555 1393 in
1583 1359 1660 1392 Eu-

138 1429 228 1463 ropa
261 1423 303 1460 3,
338 1430 496 1464 quarum
534 1431 614 1454 una
650 1420 730 1463 (Ch.
754 1421 983 1467 polyantleus)
1017 1427 1054 1455 et
1089 1422 1125 1454 in
1158 1421 1330 1455 America
1367 1418 1662 1463 septentrionali,

140 1479 255 1513 altera
281 1480 365 1523 (Cle.
387 1479 597 1525 pallescens)
642 1480 754 1514 etiam
791 1481 828 1515 in
866 1481 965 1516 Java
998 1481 1120 1516 insula
1154 1480 1347 1524 provenit,
1382 1499 1428 1504 -—
1467 1479 1504 1512 in
1537 1477 1663 1512 Africa

138 1538 292 1571 australi
320 1542 358 1572 et
383 1538 522 1573 Insulis
550 1539 782 1574 Mascarenis
809 1543 831 1574 7
865 1542 912 1583 (6
939 1540 975 1574 in
1005 1540 1198 1575 Promont.
1230 1541 1274 1574 B.
1303 1540 1383 1583 Sp.‚
1418 1542 1442 1573 2
1467 1538 1505 1573 in
1534 1537 1663 1571 Insula

138 1594 344 1640 Mauritii)‚
383 1596 420 1630 in
450 1598 542 1632 Asia
570 1598 739 1632 calidiori
774 1604 810 1633 et
838 1599 978 1642 tropica
1006 1602 1048 1640 9,
1084 1610 1242 1644 quarum
1269 1610 1343 1633 una
1374 1597 1465 1641 (Cla.
1492 1598 1663 1642 aryutus)

136 1653 268 1693 Asiae,
305 1656 501 1691 Americae
538 1661 575 1691 et
604 1657 759 1691 Norfolk
795 1657 942 1692 insulae
977 1659 1184 1692 communis
1221 1664 1299 1700 est,
1335 1658 1372 1692 in
1401 1657 1574 1692 Amerina
1601 1666 1663 1690 se-

136 1713 374 1754 ptentrionali
401 1718 430 1758 l,
458 1726 577 1761 eaque
604 1717 779 1760 Europae
805 1717 1025 1759 communis,
1052 1717 1274 1752 inAmerica
1300 1717 1419 1760 magis
1445 1715 1599 1751 australi
1625 1719 1662 1749 et

136 1771 277 1815 tropica
300 1776 354 1815 10,
370 1774 406 1807 in
417 1775 532 1810 Terra
547 1775 722 1810 statuum
742 1779 772 1817 l,
790 1775 827 1810 in
843 1776 972 1811 Novae
992 1776 1221 1811 Hollandiae
1235 1776 1349 1809 Terra
1363 1786 1434 1810 van
1447 1774 1605 1808 Diemen
1632 1776 1660 1813 Ι,

134 1830 171 1863 in
201 1831 308 1866 Nova
336 1833 540 1868 Zeelandia
572 1838 607 1876 1,
643 1839 679 1868 et
713 1835 829 1869 altera
865 1835 950 1877 (Cli.
981 1835 1232 1880 Billardz'eri),
1270 1847 1366 1880 quae
1403 1839 1439 1868 et
1465 1834 1502 1868 in
1532 1833 1661 1867 Insula

136 1900 207 1924 van
222 1891 381 1927 Diemen
408 1893 560 1927 inventa
587 1898 660 1935 est,
688 1893 724 1926 in
753 1894 883 1927 Insula
901 1894 1057 1928 Norfolk
1084 1898 1116 1936 1,
1142 1904 1227 1928 cum
1255 1895 1372 1929 altera
1396 1894 1479 1938 (Cla.
1505 1894 1658 1937 aryuto),

133 1949 171 1982 in
200 1949 338 1984 Insulis
365 1951 561 1985 Auckland
589 1954 623 1992 6,
652 1953 688 1986 in
716 1952 941 1996 Campbell's
968 1953 1098 1987 Island
1124 1957 1158 1988 2.
1263 1952 1266 1953 ⁷

308 2046 336 2087 §.
368 2048 398 2079 l.
452 2045 732 2091 Amplziyastriis
756 2046 793 2079 in
807 2046 904 2091 folia
930 2046 1193 2080 decurrentibus
1217 2046 1481 2092 (coadunati).

251 2127 294 2151 a.
326 2114 530 2160 Perfoliati‚
546 2116 653 2162 foliis
677 2116 902 2162 suboppositis
927 2118 1085 2162 mavyine
1111 2119 1241 2152 dor-§ali
1274 2118 1346 2152 basi
1370 2118 1536 2152 connatis.

388 2188 416 2219 l.
470 2186 836 2232 Chilo-scyphus
856 2186 1187 2233 personatus
1215 2189 1262 2223 N.
1291 2189 1338 2223 ab
1366 2190 1408 2223 E.

236 2250 298 2284 Cla.
326 2249 424 2284 caule
442 2252 706 2296 procumbente,
729 2252 836 2297 foliis
869 2251 1094 2297 suboppositis
1125 2255 1233 2287 ovatis
1264 2253 1391 2288 obtusis
1421 2254 1655 2299 &etmel-rimis

132 2312 169 2342 in
195 2309 294 2343 dorso
327 2321 440 2343 secum
471 2311 627 2344 connatis
661 2324 682 2345 α
715 2317 833 2346 ventre
865 2312 1024 2345 connexis
1056 2324 1132 2346 cum
1164 2313 1424 2358 amplziyastriis
1456 2311 1657 2346 orbiculatis

131 2368 228 2412 apice
263 2369 428 2413 utrinque
461 2359 734 2404 tridenticulatis
767 2370 926 2404 dentibus
959 2372 1082 2406 mediis
1114 2372 1322 2414 maioribus,
1360 2372 1531 2406 involucri
1550 2371 1656 2416 foliis

132 2426 362 2472 inaequaliter
389 2426 509 2462 bilobis
534 2429 696 2472 dentatis,
718 2429 919 2475 periantlaio
944 2429 1086 2476 oblonyo
1110 2431 1225 2465 obtuse
1245 2432 1377 2477 plicato
1409 2443 1467 2465 ore
1488 2431 1617 2464 ciliaw.

322 2487 572 2531 Chiloscyphus
600 2490 800 2532 perfoliatus
829 2489 876 2523 N.
903 2489 945 2523 ab
973 2490 1020 2525 E.
1074 2489 1236 2525 Gottsclle
1264 2490 1315 2526 Ic.
1344 2491 1475 2536 Hepat.
1502 2491 1592 2524 ined.

322 2546 544 2588 Lophocolea
570 2549 748 2590 per-foliata
785 2548 972 2594 Montayn.
1001 2549 1132 2583 Prodr.
1170 2549 1336 2596 Cryptoy.
1373 2548 1650 2593 Neelylaeerriens.

405 2605 441 2637 in
469 2605 567 2639 Amz.
595 2607 652 2640 des
676 2618 721 2640 sc.
747 2614 820 2641 nat.
847 2610 880 2641 2.
909 2608 988 2642 Ser.
1017 2608 1152 2642 XVII.
1174 2620 1214 2653 p.
1245 2610 1297 2641 12.
1324 2619 1359 2643 η.
1386 2610 1444 2642 74.

226 2675 269 2708 ln
287 2673 549 2717 Neelgben-ies
564 2676 695 2710 Indiae
716 2676 848 2711 orient.
874 2678 909 2711 in
932 2678 1121 2712 montibus
1139 2678 1429 2712 Coimbaturicis
1446 2682 1595 2713 truncos
1616 2684 1650 2714 et

130 2741 240 2776 rupes
273 2732 371 2766 circa
400 2733 659 2770 Ootaeamund
695 2740 818 2769 crusta
855 2736 928 2770 lata
965 2736 1169 2771 investiens
1202 2736 1388 2779 (Perottet
1415 2737 1451 2772 in
1482 2738 1554 2772 Hb.
1584 2738 1648 2778 M.,

128 2791 187 2832 L„
218 2790 264 2825 N.
293 2795 329 2825 et
356 2792 430 2835 G.).

224 2850 329 2885 Folia
355 2851 496 2885 ambitu
524 2852 785 2896 subrepanda,
812 2855 965 2896 obtusa,
1006 2856 1043 2890 in
1070 2856 1168 2890 sicco
1195 2857 1450 2899 horizontalia‚
1479 2858 1648 2891 humecta

128 2909 407 2954 adscendentia‚
437 2911 573 2955 pallide
587 2912 733 2955 viridia,
761 2924 825 2957 per
846 2914 950 2958 paria
980 2925 1062 2948 cum
1084 2916 1358 2960 amphigastriis
1386 2916 1470 2951 folio
1496 2916 1647 2951 dimidio
