1824 3252
725 195 1004 239 Chiloscyphus.
1553 201 1615 231 177

195 309 341 340 Formae
368 309 532 339 variantes
559 308 778 341 inveniuntur

184 380 216 406 α,
243 369 395 410 margine
422 366 548 398 dorsali
574 367 735 398 foliorum
762 370 888 399 reflexo
934 367 1174 410 integerrinm3
1214 366 1353 398 ventrali
1381 368 1615 410 integerrimo,

243 427 338 469 apice
365 426 453 457 binis
480 425 638 457 dentibus
665 427 853 458 maioribus
880 437 948 457 uno
974 426 1122 457 alterove
1150 424 1324 456 denticulo
1351 437 1454 468 parvo
1481 430 1616 459 secutis.

173 489 204 526 β,
239 486 393 527 margine
437 483 563 514 dorsali
597 486 722 515 ressexo
770 490 873 516 9-10
910 484 994 515 ciliis
1032 491 1064 515 et
1095 483 1255 514 dentibus
1291 493 1439 524 armato,
1474 486 1615 517 ventrali

244 543 418 575 interdum
446 543 626 574 denticulis
652 544 836 582 nonnullis,
875 544 968 586 apice
996 541 1189 581 4-dentato‚
1218 542 1377 574 dentibus
1404 544 1615 587 longioribus

244 603 496 633 ciliisormibus.

173 669 207 698 γ,
241 661 330 691 soliis
356 660 578 691 subdentaiis.

174 724 202 756 δ,
239 718 483 760 amphigasuiis
511 718 671 749 dentibus
700 718 874 749 obsoletis.

197 776 341 810 Crescit
374 776 410 808 in
436 775 533 809 Java
566 775 688 809 insula
722 775 768 808 ad
796 780 947 809 truncos
974 775 1141 818 putridos
1169 775 1264 808 inter
1290 774 1382 810 alias
1411 776 1615 821 Hepaticas

102 834 264 876 (mame,
290 833 520 876 Junghuhn).

197 891 510 925 Fructificationis
549 901 672 925 ramus
712 902 761 926 ex
800 891 936 935 angulo
976 892 1231 936 amphigastrii
1270 892 1307 926 in
1347 893 1460 926 latere
1497 895 1615 928 caulis

99 954 218 983 ortum
252 950 391 983 ducens
422 949 541 983 tribus
575 949 744 983 soliorum
781 950 936 993 paribus
976 951 1029 994 (si
1063 951 1327 994 perichaetium
1359 952 1396 985 in
1431 953 1617 987 urceolum

99 1014 299 1042 connatum
327 1009 564 1052 adnumeres)
599 1008 766 1042 vestitur.
816 1009 921 1043 Folia
940 1010 1210 1055 periclzaetialia
1242 1021 1325 1043 cum
1353 1011 1617 1054 ampliigastrio

100 1066 267 1109 calycino
301 1066 338 1100 in
376 1067 543 1110 duobus,
588 1078 684 1111 quae
718 1067 900 1109 dissecui‚
937 1068 1202 1112 speciminibus
1245 1072 1319 1102 tam
1353 1069 1425 1102 alte
1456 1075 1616 1104 connata

100 1130 224 1166 erant,
258 1126 588 1172 utperichaetium
617 1126 893 1170 monophyllum
921 1128 1224 1170 campanulatum
1261 1138 1324 1160 ore
1358 1127 1489 1161 trilobo
1523 1139 1612 1162 con-

100 1184 320 1226 formarent;
348 1186 434 1226 lobi,
461 1185 522 1230 qui
543 1186 631 1220 folia
650 1185 931 1229 perichaetialia
944 1185 1097 1227 sistunt,
1125 1186 1244 1219 tribus
1272 1185 1407 1218 lobulis
1433 1187 1611 1230 inaequa-

100 1244 197 1277 libus
230 1244 574 1278 serrato-dentatis
614 1243 808 1288 compositi
841 1243 957 1288 (quod
990 1246 1102 1278 etiam
1135 1244 1172 1277 in
1207 1244 1361 1287 paribus
1395 1244 1490 1278 binis
1523 1245 1612 1278 sub—

100 1302 253 1336 iacentis
299 1303 429 1337 ramuli
470 1303 650 1337 fructiferi
690 1303 860 1346 accidit),
912 1303 1019 1337 lobus
1058 1302 1366 1346 ampbigastricus
1406 1303 1617 1336 bidentatus

100 1362 265 1405 margine
291 1362 648 1404 serrato-dentato,
685 1373 803 1407 aeque
839 1373 882 1396 ac
907 1362 945 1396 in
971 1361 1069 1395 binis
1096 1361 1336 1405 sequentibus
1360 1359 1522 1403 paribus.
1574 1361 1617 1393 In

101 1418 268 1453 foliorum
304 1421 385 1464 pari
418 1421 745 1465 subperichaetiali
779 1421 1088 1465 amphigastrium
1123 1420 1294 1464 utrinque
1330 1431 1413 1453 cum
1450 1420 1536 1454 folio
1572 1420 1616 1452 ad

100 1479 260 1525 medium
295 1480 497 1523 marginem
533 1480 734 1514 ventralem
770 1485 990 1520 connatum;
1013 1480 1215 1522 *margines
1251 1479 1420 1513 foliorum
1455 1478 1618 1512 dorsales

101 1535 281 1570 liberi.-—
306 1538 350 1571 In
377 1539 485 1573 tertio
510 1540 590 1583 pari
618 1539 922 1582 amphigastrium
947 1539 1061 1572 altero
1087 1542 1230 1571 tantum
1257 1538 1371 1571 latere
1398 1537 1444 1570 ad
1472 1537 1618 1570 tertiam

103 1595 177 1629 fere
203 1601 344 1639 partem
373 1603 608 1639 concretum;
641 1598 768 1632 folium
804 1598 960 1631 alterum
987 1598 1156 1630 liberum.
1183 1616 1229 1621 -—-
1266 1597 1308 1629 In
1336 1597 1450 1630 altero
1477 1598 1618 1630 ramulo

104 1654 292 1689 fructifero
325 1657 394 1690 hoc
427 1656 574 1690 tertium
607 1668 675 1700 par
709 1668 781 1690 non
809 1656 950 1691 aderat.
975 1673 1023 1681 —-
1063 1654 1231 1700 Calyptra
1257 1655 1432 1697 globosa,
1470 1666 1616 1698 magna,

105 1713 182 1746 basi
211 1716 232 1747 8
257 1715 405 1757 pistillis
432 1715 609 1749 abortivis
636 1716 784 1758 stipata.
822 1715 1047 1758 (Gottsche.)

201 1774 306 1808 Obs.
357 1775 518 1817 Saepius
557 1774 669 1807 etiam
715 1774 802 1807 solia
846 1773 926 1807 basi
964 1772 1103 1806 dorsali
1148 1776 1308 1806 connata
1347 1782 1464 1816 aeque
1504 1783 1546 1806 ac
1582 1774 1617 1806 iu

106 1832 268 1866 sectione
294 1833 410 1876 prima
437 1832 698 1873 inveniuntur3
724 1843 806 1866 cum
826 1836 949 1865 tamen
969 1831 1155 1875 plerisque
1174 1831 1247 1864 alia
1262 1831 1424 1865 conditio
1437 1832 1619 1865 assixionis

106 1890 164 1930 sit,
193 1891 285 1924 hanc
311 1891 472 1934 speciem
499 1891 567 1925 hoc
593 1892 674 1925 loco
702 1890 979 1925 collocavimus.

356 1987 391 2019 9.
446 1984 811 2031 Chiloscyphus
838 1974 1147 2029 hexagonus
1175 1983 1222 2017 N.
1251 1984 1297 2016 ab
1325 1984 1367 2018 E.

203 2053 265 2087 Ch.
293 2054 389 2088 caule
416 2060 595 2099 prostrato
628 2055 841 2095 subi-ammo,
864 2054 970 2098 foliis
999 2054 1308 2089 semivertz'calibus
1341 2055 1621 2089 adscendentibus

108 2110 307 2145 orbiculatis
348 2114 501 2147 concavis
534 2114 679 2157 inteyris
711 2114 1031 2158 inteyerrimisque,
1069 2113 1226 2157 mar-(sine
1263 2113 1392 2146 ‹lov-sali
1431 2114 1622 2148 subundato

108 2170 179 2203 basi
214 2171 339 2215 reflexo
372 2173 466 2217 apice
497 2172 639 2217 inflato,
675 2172 825 2206 ventrali
859 2177 1005 2215 anyusto
1037 2177 1153 2205 tracta
1183 2183 1259 2205 cum
1284 2172 1527 2216 mnpldqastrii
1551 2173 1622 2206 basi

108 2229 318 2273 confluente,
354 2230 613 2275 amphrysi-striis
639 2231 829 2264 imbricatis
853 2230 1196 2275 subsexanyularibus
1221 2230 1619 2275 subulato-quadriden-

110 2287 192 2320 tatis
217 2289 374 2332 mmyine
397 2301 518 2334 supero
543 2292 612 2323 late
637 2290 862 2334 emaryinaw,
878 2289 1010 2334 fructu
1037 2315 1043 2321 .
1071 2313 1081 2324 .
1108 2315 1115 2323 .

303 2347 466 2381 Gottsclte
492 2348 591 2381 Icon.
619 2349 712 2394 Hep.
739 2349 860 2383 inedit.

206 2406 248 2439 ln
275 2406 412 2439 cortice
439 2407 644 2449 peruviano
669 2407 763 2451 (Hb.
793 2407 840 2442 N.
868 2412 905 2441 et
933 2407 1149 2450 Pauckert).

206 2465 358 2498 Statura
391 2476 530 2499 crassa.
581 2466 691 2512 Colo-r
718 2465 963 2509 ferrugineus.
1015 2465 1121 2499 Retis
1154 2466 1322 2498 maculae
1358 2466 1555 2508 primariae
1589 2472 1623 2500 et

111 2523 360 2557 interstitiales
396 2523 491 2557 inter
518 2534 557 2558 se
584 2524 770 2567 aequales.
822 2525 855 2558 A
882 2524 1107 2570 Clziloscyplio
1132 2524 1354 2566 horizontali,
1387 2526 1446 2565 Qui
1474 2527 1623 2570 propius

112 2582 267 2622 accedit,
295 2582 391 2616 foliis
419 2582 733 2615 adscendentibus
760 2583 991 2617 brevioribus
1017 2583 1324 2625 suborbiculatis,
1352 2583 1623 2627 amphigastriis

114 2640 316 2674 maioribus
355 2641 540 2682 angulatis
575 2641 964 2685 subquadrispinosis‚
1001 2652 1070 2675 nec
1095 2642 1425 2680 subreniformibus
1451 2643 1621 2675 dentato-

113 2698 246 2732 ciliatis
270 2699 403 2733 differt.
455 2700 578 2744 (ng.)

339 2796 392 2826 10.
445 2792 818 2840 Chilo-scyphus·
836 2794 1179 2843 horizontalis
1213 2793 1260 2826 N.
1289 2793 1334 2826 ab
1363 2792 1404 2825 E.

211 2851 274 2886 Clz.
290 2854 385 2885 caule
406 2851 646 2897 procumbente
670 2853 878 2894 subramoso,
894 2852 1001 2898 foliis
1026 2851 1297 2885 horizontalibus
1320 2847 1626 2882 oz-aco-clelcoicleis

114 2912 208 2956 apice
242 2910 368 2944 obtusis
398 2911 600 2958 7⁴epaqtclisve
633 2912 951 2956 suhinteqerrimis‚
987 2910 1142 2953 maryinc
1170 2908 1319 2942 ventrali
1351 2909 1487 2940 dorsum
1512 2918 1625 2940 versus

1180 2990 1233 3022 12Υ
