1824 3252
746 187 960 232 Lepidozia.
1467 219 1478 224 ,
1540 195 1610 226 207

101 304 422 352 ampliiyastriisque
447 301 751 347 ovato-quadratis
777 299 803 335 3
815 300 895 335 -4-
894 302 1003 347 fidis,
1029 301 1168 335 laciniis
1193 301 1483 337 lato-lanceolatis
1518 305 1613 349 apice

103 364 265 405 incurvis,
281 362 387 408 foliis
412 361 676 396 involucralibus
695 360 847 405 obloizyis
871 360 1164 403 inciso-dentatis,
1185 361 1386 407 periantlzio
1407 362 1612 408 cylindrico-

95 423 296 469 pyriformi,
322 434 380 455 ore
404 421 629 463 denticulato,
655 418 813 466 capsulae
839 419 983 453 valvulis
1007 419 1169 453 ovalibus.

290 479 508 524 Lindenberq
534 485 566 512 et
594 479 755 513 Gottsclze
779 478 879 524 Spec.
907 479 1038 525 Hepat.
1064 479 1185 512 inedit.

289 540 557 582 Jungermannia
583 540 791 570 filamentosa
818 537 863 571 L.
881 543 914 571 et
930 537 997 582 Ly:
1015 538 1052 572 in
1078 538 1199 572 Leltm.
1228 538 1322 584 Puy.
1342 539 1394 585 pl.
1418 539 1534 586 1V.p.
1553 543 1611 575 29.

180 599 214 639 β,
250 600 344 630 caule
379 598 580 640 simpliciter
617 598 753 641 pinnato
791 597 990 628 tenuissimo
1027 597 1121 629 valde
1148 599 1320 637 flexuoso,
1356 599 1445 629 foliis
1473 601 1612 630 remotis

244 658 312 689 fere
340 657 500 688 omuibus
528 657 659 688 trifidis.

199 714 357 749 Habitat
391 713 436 747 ad
469 713 573 747 littus
599 713 832 748 occidentale
859 712 1053 747 Americae
1078 713 1377 757 septentrionalis
1405 713 1495 756 (Hb.
1513 713 1553 746 L.
1578 718 1613 747 et

110 773 175 817 Lg.
203 784 223 808 e
250 774 325 807 Hb.
354 773 470 816 Hk.);
496 772 533 806 in
561 773 637 807 Ins.
664 772 858 806 Auckland
884 772 1082 815 (d’Urville
1099 771 1134 806 in
1156 773 1230 809 Hb.
1259 773 1313 808 M.
1339 777 1375 806 et
1392 771 1439 806 N.
1466 773 1613 814 n.358).

340 846 398 877 20.
449 843 740 886 Lepidot-viai
764 843 1141 889 glaucophylla
1172 842 1276 886 Tayl.
1304 842 1376 877 Ms.

198 901 242 935 L.
269 900 364 934 caule
385 901 626 946 procumbente
643 901 820 946 bipinnato
835 902 944 935 ricmis
960 901 1160 946 aequalibus
1178 907 1210 935 et
1225 901 1612 947 capillati-attenuatis,

91 960 197 1006 foliis
220 959 472 993 subimbricatis
495 957 798 992 semiverticalibus
829 960 898 992 late
934 961 1250 1004 ovato-quadratis
1271 960 1500 1006 planiusculis
1526 962 1613 995 inte-

99 1019 263 1061 yet-rimis
292 1017 496 1062 quadrifidis
529 1016 663 1050 laciniis
688 1016 914 1059 acuminatis,
952 1018 1213 1064 ampliiqastriis
1248 1019 1455 1053 distantibus
1481 1020 1615 1066 patulis

101 1076 395 1121 ovato-quadratis
419 1076 466 1108 ad
487 1075 636 1108 medium
662 1086 769 1119 usque
793 1075 1000 1120 quadrifidis
1025 1078 1270 1121 inteyerrimis,
1285 1077 1417 1122 fructu
1444 1104 1451 1111 .
1482 1105 1489 1112 .
1518 1105 1525 1112 .

293 1133 512 1177 Lindenbery
537 1140 569 1166 et
597 1132 758 1167 Gottsclie
783 1134 883 1179 Spec.
910 1134 1042 1180 Hepat.
1069 1136 1191 1170 inedit.

198 1193 356 1227 Habitat
381 1191 417 1224 in
443 1193 556 1225 Terra
581 1202 652 1225 van
681 1192 838 1226 hiemen
867 1193 958 1236 (Hb.
985 1194 1088 1238 Tayl.
1115 1199 1151 1229 et
1178 1195 1255 1238 G.).

199 1250 311 1285 Foliis
337 1252 457 1285 minus
481 1251 640 1295 obliquis
667 1252 962 1297 lato-quadratis
989 1253 1235 1297 integerrimis
1253 1253 1374 1287 differt
1400 1263 1421 1287 a
1443 1253 1484 1286 L.
1512 1259 1613 1286 trun-

102 1311 226 1345 catella
263 1318 299 1345 et
332 1313 562 1356 Hampeana;
606 1311 890 1353 ramificatfflne,
936 1312 1051 1346 multo
1093 1312 1224 1346 maiori
1266 1317 1408 1346 statura
1446 1316 1483 1346 et
1518 1312 1613 1346 foliis

105 1371 333 1405 brevioribus
359 1381 380 1404 a
409 1370 451 1403 L.
477 1375 635 1415 reptante
647 1382 664 1417 ;-
686 1370 783 1404 foliis
809 1370 932 1404 minus
960 1371 1200 1405 verticalibus
1228 1371 1386 1415 denique
1414 1382 1614 1415 eorumque

103 1430 219 1464 forma
252 1440 273 1463 a
301 1429 344 1463 L.
368 1430 610 1474 praenitente,
643 1428 869 1474 filamentosa
907 1433 944 1463 et
979 1430 1225 1474 quadridente,
1267 1430 1390 1464 colore
1429 1429 1560 1472 glauco
1594 1440 1613 1462 a

103 1494 257 1523 cunm·
460 1537 518 1568 21.
568 1534 857 1578 Lepiaoaem
883 1535 1109 1570 com-«lata
1134 1535 1253 1579 Ldbg.

198 1595 242 1628 L.
267 1594 362 1628 caule
380 1594 623 1639 procumbente
647 1595 854 1640 simpliciter
881 1597 1030 1640 pinnato
1062 1596 1170 1628 ramis
1207 1595 1363 1629 decurvis
1386 1596 1482 1641 apice
1507 1594 1613 1639 capil-

104 1654 421 1691 laceo-attenuatis,
443 1652 551 1696 soliis
584 1652 802 1687 verticalibus
835 1653 966 1698 oblique
992 1653 1259 1687 corclato-ovatis
1283 1654 1437 1687 convexis
1462 1654 1612 1697 inteqcr·

106 1711 204 1744 rimis
229 1712 321 1756 apice
347 1712 553 1756 quadrifidis
578 1712 715 1746 laciniis
741 1712 951 1745 brevioribus
977 1711 1061 1746 latis
1086 1711 1334 1754 obtusiusculis‚
1360 1712 1618 1759 anipliiyastriis

104 1771 238 1813 naeaynis
263 1769 517 1803 subimbricatis
543 1771 693 1804 cordatis
718 1772 872 1804 coni-exis
896 1771 1055 1816 maryine
1067 1771 1303 1815 subanqulatis
1327 1772 1421 1818 apice
1435 1777 1617 1816 anglustalo

104 1827 251 1861 breviter
275 1828 480 1873 quadrifidis
506 1828 643 1862 laciniis
667 1828 967 1873 subinaequalibus
991 1830 1202 1874 subinfle.z·is‚
1217 1830 1348 1875 fructu
1374 1858 1380 1864 .
1411 1856 1417 1864 .
1448 1856 1455 1863 .

295 1886 515 1931 Lindenberq
542 1893 575 1920 et
602 1887 763 1921 Gottsclaee
788 1887 889 1933 Spec.
917 1888 1048 1932 Hcpat.
1075 1888 1198 1922 inedit.

201 1945 356 1980 Habitat
382 1946 417 1979 in
447 1946 574 1979 Insula
600 1946 698 1979 Java
722 1945 819 1980 inter
845 1946 889 1980 L.
916 1946 1130 1979 liolorlzizam
1157 1947 1309 1990 (Blume
1334 1946 1372 1980 in
1394 1947 1470 1982 Hb.
1500 1947 1576 1992 N.).

198 2005 342 2038 Habitu
377 2003 561 2038 simillima
598 2005 641 2038 L.
676 2005 912 2049 cupressinae,
959 2005 1025 2039 sed
1065 2004 1163 2039 foliis
1194 2016 1346 2048 prorsus
1383 2006 1620 2042 verticalibus

102 2063 208 2098 valde
234 2063 411 2097 convexis
430 2062 509 2096 basi
529 2063 682 2097 cordata
705 2063 1130 2107 subamplexicaulibus,
1156 2064 1433 2108 amphigastriis
1459 2065 1620 2100 cordatis

102 2123 207 2167 apice
233 2121 530 2165 angustioribus,
569 2122 625 2156 his
660 2127 695 2156 et
729 2122 801 2156 illis
834 2122 985 2156 brevius
1011 2122 1138 2156 incisis
1175 2123 1320 2156 laciniis
1356 2122 1441 2156 latis
1475 2123 1620 2156 differre

101 2180 257 2213 videtur.
308 2179 463 2213 Lacinia
497 2179 628 2224 quinta
653 2181 690 2214 in
718 2180 814 2215 foliis
847 2184 884 2214 et
910 2181 1186 2225 amphigastriis
1213 2191 1489 2225 nonnumquam
1517 2181 1622 2214 adest

103 2243 143 2272 ut
167 2238 203 2272 in
232 2239 276 2271 L.
302 2237 510 2283 cupressina.

424 2300 482 2331 22.
531 2298 822 2341 Lepidom'a
848 2299 1158 2342 cupressina
1185 2297 1304 2341 Ldbg.

201 2355 245 2388 L.
272 2357 368 2389 caule
388 2355 634 2400 procumbente
665 2357 869 2402 subrepente
902 2357 1109 2403 simpliciter
1130 2357 1297 2402 pinnato,
1331 2357 1440 2390 ramis
1472 2356 1624 2390 decurvis

101 2415 197 2460 apice
221 2414 610 2460 capulari—attenuatis
635 2415 949 2455 sublzeteronzallis,
972 2415 1079 2460 foliis
1110 2414 1393 2449 subverticalibus
1426 2420 1521 2448 arcte
1552 2415 1620 2447 im-

104 2472 243 2507 bricatis
267 2472 400 2518 oblique
426 2474 707 2507 rotundo-ovatis
733 2476 887 2508 convexis
914 2475 989 2508 basi
1012 2475 1183 2519 maryiuis
1203 2475 1349 2507 dorsalis
1368 2473 1626 2508 subrotundatis

102 2531 425 2577 amplliyastriisque
450 2533 800 2577 rotundo-quadratis
817 2535 1028 2580 quadrifidis
1048 2533 1296 2578 incesti-rimis,
1318 2532 1418 2577 foliis
1432 2531 1623 2565 involucra-

105 2589 192 2624 libus
216 2592 324 2624 ovatis
343 2591 620 2636 periantlziisque
644 2591 848 2638 cylindricis
874 2593 1028 2627 arcuatis
1052 2593 1184 2626 minute
1209 2590 1443 2625 denticulatis.

294 2649 514 2694 Lindenberq
541 2657 573 2684 et
601 2650 764 2684 Gottsche
789 2650 890 2697 Spec.
918 2652 1050 2697 Hepat.
1078 2652 1200 2686 incdit.

292 2709 558 2750 J¹¹¹³38r¹¹¹³¹¹¹¹iss
593 2713 789 2763 cup-ressina
824 2711 966 2744 Swartz
994 2710 1123 2743 Prodr.
1151 2708 1212 2742 Fl.
1241 2708 1324 2742 Ind.
1351 2707 1457 2741 occid.
1479 2718 1516 2750 p.
1548 2708 1623 2738 144.

377 2754 699 2848 ῗέὲῦἶὲἕρωῖἱῗῖῖῑ
728 2757 820 2837 4231·
838 2760 1084 2849 .}{;‚·.3.}i“'§y..
1092 2755 1482 2847 .⁸{2'2}⁶.“f<²f'.·1.²}'.⁰{ss.2‚.
1492 2764 1532 2831 {31
1548 2754 1625 2831 133:

379 2846 487 2887 (excl.
513 2861 585 2893 syn.
612 2849 650 2883 J.
672 2852 885 2896 pendulinae
913 2851 1054 2896 Hook.)
1106 2851 1227 2885 Lelem.
1249 2850 1343 2891 Puy.
1360 2848 1412 2892 pl.
1430 2846 1497 2879 IV.
1511 2856 1549 2889 p.
1566 2847 1624 2878 39-

378 2904 413 2925 n.
441 2898 473 2927 5.
501 2895 606 2935 (emcl.
637 2909 707 2931 var.
736 2900 757 2937 β
785 2904 816 2930 et
843 2901 908 2943 γ.)
