1824 3252
172 180 213 210 16
814 168 1027 202 Gottschea.

567 288 598 316 5.
653 282 929 317 Gottschea
954 278 1126 315 Nee-cii
1151 275 1269 310 Mont.

265 359 309 390 G.
349 356 453 389 ramis
490 382 495 387 .
525 381 530 386 .
557 380 563 387 .
589 352 763 398 foliorum
790 351 862 385 lobo
894 349 1043 384 ventrali
1069 344 1420 390 oblonyo-stcofhlcato
1446 344 1560 378 obtuso
1586 344 1680 388 apice

168 412 607 461 spinuloso-denticulato‚
641 410 768 444 (lorsali
788 408 963 455 foliiqeno
995 405 1100 452 duplo
1132 405 1284 440 breviore
1317 416 1463 438 convexo
1503 411 1678 445 truncam,

168 475 388 519 inteqerrimo
427 469 755 510 subdenticulatove,
805 466 931 512 anyulo
974 464 1147 511 superiori
1190 462 1306 497 obtuso
1345 470 1503 497 truncato
1539 464 1679 499 subinde

168 531 415 573 mut-ronulam,
441 528 700 575 amphiyastriis
724 532 859 560 tantum
885 526 921 559 iu
947 524 1018 558 loco
1031 522 1341 569 fructificationis,
1368 523 1573 559 involuerali
1584 525 1680 570 folin

168 603 294 625 summo
318 591 354 624 in
378 588 533 624 tubulum
559 586 665 621 latere
688 586 813 631 fissum
845 584 1021 619 convoluto
1051 582 1147 629 apice
1173 581 1331 616 dentibus
1358 581 1537 618 latioribus
1562 585 1677 619 inciso.

360 647 543 680 Gouschea
580 647 693 678 Neesii
730 643 846 678 Mont.
883 642 1040 678 Annales
1081 642 1138 676 des
1179 653 1224 675 sc.
1266 648 1382 675 natur.
1419 640 1536 677 1843.
1570 656 1680 678 mense

444 704 545 750 llIajo
572 704 669 747 (cum
696 702 802 736 icone
829 702 931 745 anal)
943 701 1047 744 tica.)

357 766 641 808 Notopterygium
670 763 796 802 Neesii,
824 761 941 795 Mont.
967 761 1006 794 in
1029 760 1152 794 literis.

356 824 619 867 Jungermannia
648 821 954 864 Schwaegr·ichenii
984 819 1100 854 Mont.
1127 820 1164 853 in
1190 819 1330 853 schedis.
1383 820 1426 853 ln
1458 820 1531 854 Hb.
1562 822 1678 856 Mont.

442 886 478 916 et
506 881 554 915 N.
583 892 617 914 n.
649 881 727 914 196.
826 923 834 926 ᾖ

358 940 518 975 Gottsclze
546 940 598 976 Ie.
625 939 754 985 Hepat.
782 939 903 972 incdit.

263 1013 302 1047 In
316 1013 444 1047 Insula
456 1010 663 1046 Borboniae
676 1008 900 1044 fructiferam
921 1011 1009 1054 legit
1020 1010 1090 1044 Ad.
1104 1011 1307 1045 Delessert.
1328 1010 1417 1054 (Hb.
1430 1011 1498 1053 M.‚
1515 1012 1560 1047 N.
1572 1018 1609 1047 et
1620 1015 1679 1057 G.)

264 1084 439 1118 Proxima
468 1084 650 1117 Gottschea
669 1082 858 1117 Tlaeouarsz'i
882 1087 951 1124 est,
978 1093 1074 1127 quae
1102 1081 1272 1116 soliorum
1298 1086 1486 1117 serratura
1512 1084 1683 1121 validiori

169 1150 205 1177 et
229 1143 466 1179 undulatione
490 1145 581 1177 bene
603 1142 853 1186 distinguitur.
895 1140 1118 1185 Magnitudo
1134 1140 1337 1174 Gottscheae
1350 1140 1502 1185 aliyerae
1516 1143 1681 1180 minoris.

266 1203 443 1249 Calyptra,
472 1202 576 1246 apice
602 1201 749 1246 pistillis
776 1202 956 1237 abortivis
982 1204 1172 1242 coronata,
1199 1200 1285 1234 folio
1312 1200 1428 1234 llorali
1454 1213 1618 1245 summo,
1646 1205 1683 1240 in

170 1262 336 1296 tubulum
365 1262 476 1295 latere
500 1262 646 1302 fissum,
684 1260 812 1295 carina
845 1259 1128 1304 longitudinem,
1161 1259 1370 1294 rudimento
1407 1260 1522 1296 lobuli
1548 1263 1684 1299 dorsali

170 1321 389 1366 praeditum,
417 1321 624 1361 convoluto,
651 1321 724 1353 alte
750 1320 956 1354 obvelatur.
1010 1319 1052 1352 In
1075 1323 1204 1353 ventre
1229 1318 1419 1362 calyptrae
1444 1320 1684 1357 inveniuntur

170 1384 191 1415 3
208 1380 483 1424 ampl1igastr³a,
510 1380 624 1413 ternis
642 1379 811 1413 foliorum
829 1379 1008 1413 ssoralium
1027 1377 1182 1423 paribus
1200 1378 1475 1422 respondentia.
1513 1381 1684 1428 Amphig.

170 1450 350 1474 summum
378 1438 590 1480 maximum,
620 1438 782 1481 bifidum,
811 1439 1186 1473 serrato-dentatum.
1212 1456 1260 1462 -
1288 1437 1367 1472 Fol.
1386 1438 1511 1473 florale
1529 1441 1684 1474 alterum

170 1499 276 1543 primi
304 1497 402 1542 paris
428 1497 664 1532 concretione
690 1509 772 1531 cum
791 1498 956 1540 calyptra
983 1496 1115 1530 mirum
1143 1497 1180 1530 in
1206 1497 1355 1531 modum
1383 1497 1534 1532 formam
1554 1504 1685 1536 mutat.

172 1559 214 1591 In
243 1557 337 1592 foliis
363 1557 551 1591 floralibus
577 1558 707 1591 dentes
735 1557 928 1602 utriusque
964 1556 1077 1591 lobuli
1114 1555 1313 1590 validiores
1347 1557 1449 1592 finnt.
1515 1559 1557 1592 In
1584 1561 1684 1600 flore,

171 1616 278 1651 solito
304 1627 405 1651 moro
433 1617 528 1651 binis
556 1617 651 1651 foliis
679 1617 1005 1661 perichaetialibus
1032 1621 1068 1651 et
1094 1615 1360 1660 amphigastrio
1378 1616 1533 1659 incluso,
1562 1617 1685 1653 inveni

169 1678 214 1709 28
240 1675 376 1719 pistilla
403 1675 482 1709 sine
507 1675 624 1719 paleis
650 1676 852 1712 floralibus,
880 1696 925 1701 —
963 1675 1158 1710 Innovatio
1185 1675 1255 1709 sub
1281 1676 1361 1710 loco
1388 1676 1684 1713 fructificationis

170 1733 302 1777 prodit.
354 1733 518 1768 Lobulus
546 1735 746 1778 foliigenus
773 1735 810 1769 in
836 1736 973 1780 plantis
1000 1735 1189 1769 sterilibus
1224 1745 1271 1768 ex
1305 1734 1688 1781 oblongo—quadrato

170 1796 206 1826 et
230 1796 329 1827 statu
356 1791 592 1836 integerrimo
626 1794 663 1827 in
699 1794 944 1829 semioxaturn
980 1801 1017 1829 et
1052 1804 1162 1838 parce
1196 1793 1465 1829 denticulatum
1504 1797 1687 1831 interdurn

171 1852 313 1886 transit.

265 1910 426 1944 Lobulus
453 1910 648 1952 foliigenus
673 1911 998 1946 late—semiovatus
1025 1914 1130 1946 iuxta
1157 1912 1360 1956 marginem
1395 1913 1576 1957 posticum
1614 1916 1688 1950 lobi

170 1969 344 2003 ventralis
389 1980 520 2013 parum
561 1971 735 2015 obliquus
780 1981 900 2015 neque
943 1971 1102 2005 median·
1145 1971 1378 2006 latitudinem
1423 1973 1485 2007 vix
1528 1974 1688 2009 mediam

171 2026 436 2069 longitudinem
455 2029 535 2063 cius
560 2030 760 2073 attingens,
780 2030 1038 2073 integerrimus
1064 2031 1202 2074 angulo
1224 2031 1358 2065 obtuso
1374 2043 1455 2065 cum
1472 2035 1689 2069 mucronulo

171 2085 427 2128 spinulisormi‚
454 2099 474 2121 a
500 2088 678 2132 marginis
705 2090 837 2133 postici
865 2091 1099 2135 truncatique
1126 2100 1210 2123 cum
1238 2090 1350 2134 plano
1376 2091 1490 2125 lobuli
1512 2093 1689 2126 ventralis

173 2144 341 2178 carinula
368 2147 479 2187 paulo
506 2148 625 2190 magis
652 2148 794 2192 apicem
824 2158 952 2182 versus
978 2149 1173 2192 procurrit,
1200 2158 1221 2181 a
1247 2158 1320 2192 qua
1355 2160 1483 2193 margo
1523 2151 1688 2195 posticus

170 2202 386 2238 deflectitur.

264 2262 293 2294 A
326 2262 506 2297 Gottsclzea
531 2265 665 2310 aliqera
692 2266 814 2300 differt
841 2268 967 2302 lobulo
994 2266 1168 2310 folligeno
1195 2268 1330 2301 obtuso
1354 2267 1555 2303 subinflato
1580 2268 1686 2303 ideo-

170 2329 240 2362 que
265 2331 431 2357 convexo
458 2325 622 2367 margine
649 2325 823 2359 anteriori
852 2326 1016 2359 nonnihil
1043 2331 1209 2360 arcuato.

537 2420 571 2450 6.
625 2418 903 2453 Gottschea
930 2420 1087 2454 alata
1121 2419 1168 2453 N.
1197 2419 1244 2452 ab
1273 2419 1316 2453 E.

266 2482 310 2516 G.
336 2485 441 2518 ramis
473 2488 594 2521 erectis
628 2488 860 2533 simplicibus,
897 2488 981 2523 labis
995 2489 1170 2535 foliorum
1194 2487 1454 2534 subaequalibus
1485 2487 1687 2531 (turionum

168 2540 368 2576 iuvenilium
403 2546 511 2589 mayis
544 2547 806 2593 inaequalibus)
848 2547 982 2593 oblique
1023 2549 1131 2582 ovatis
1168 2548 1278 2582 acutis
1318 2547 1687 2593 spinuloso-dentatis‚

168 2598 313 2632 ventrali
348 2602 475 2645 apicem
511 2617 626 2639 versus
662 2607 783 2651 «laque
817 2606 1017 2648 subint-isis,
1066 2608 1196 2642 clorsali
1224 2607 1400 2653 foliiyeno
1434 2607 1530 2653 apice
1569 2607 1688 2648 libero,

168 2656 422 2701 ampleiyastriis
453 2666 560 2697 ovcttis
597 2663 709 2709 bifidis
751 2664 888 2699 laciniis
928 2665 1277 2711 spinuloso-clentatis
1315 2665 1387 2700 basi
1420 2666 1534 2706 nudis,
1558 2665 1688 2711 fructu

170 2715 344 2750 terminali
369 2719 538 2754 involucri
553 2722 659 2766 foliis
684 2724 841 2757 discretis
867 2723 1045 2770 calyplme
1079 2726 1153 2759 basi
1177 2725 1315 2759 minatis
1341 2724 1688 2759 iwzeiso-subdentatis.

355 2789 619 2831 Jnngermannia
658 2795 740 2825 alata
778 2795 899 2828 Lelom.
944 2796 982 2830 iu
1017 2797 1176 2831 Limnaea
1202 2796 1271 2830 IV.
1306 2808 1344 2841 p.
1379 2798 1463 2829 359.
1513 2796 1605 2839 Pity.
1637 2795 1687 2840 pl-

443 2848 636 2893 111.p.44.
691 2850 862 2886 Gottsclte.
891 2854 943 2888 Ic.
972 2855 1065 2901 Hep.
1090 2856 1213 2890 incdit.

357 2904 620 2946 Jungermannia
649 2910 791 2952 Zeyheri
822 2911 867 2944 N.
897 2912 938 2945 al)
967 2913 1013 2947 E.
1047 2915 1083 2948 in
1114 2914 1185 2949 Hb.
1213 2914 1361 2959 Zegsteer.
