1824 3252
691 207 1010 251 Gymnoscyphus.
1551 211 1610 242 191

200 321 266 355 Est
291 319 419 364 planta
445 316 544 361 quod
572 316 618 350 ad
646 317 946 353 ramificationem
973 323 1010 353 et
1028 318 1322 362 magnitudinem
1340 319 1455 361 varia,
1482 320 1614 354 coloris

105 392 123 413 e
165 376 527 413 viridi-latescentis
562 375 600 409 in
637 375 886 419 ferrugineum
920 382 957 411 et
983 378 1127 412 fuscum
1153 378 1403 419 transeuntis,
1443 382 1613 413 texturae

106 438 280 472 mollioris
307 442 343 471 et
367 435 597 470 flaccidulae.

199 507 318 542 caulis
344 511 364 548 ὲ
380 527 397 532 -
413 508 458 548 ἳὲ
484 505 569 550 poll.
596 505 744 547 longus,
780 505 937 540 subinde
966 505 1071 549 apice
1097 506 1474 550 prolifero-ramosus
1498 508 1610 542 fasci-

104 568 270 608 culatus,
309 577 422 610 supra
458 563 779 600 fructificationem
816 563 1018 604 innovans,
1058 576 1153 609 quae
1190 565 1326 599 exinde
1363 567 1408 600 ad
1449 571 1614 602 ventrem

105 626 327 671 reprimitur.
371 625 474 659 Folia
500 624 590 658 satis
617 622 760 666 ampla,
787 622 927 664 tenuia,
956 623 1041 656 retis
1067 625 1223 658 maculis
1249 624 1373 668 parvis
1398 626 1614 660 orbiculatis

105 686 314 729 contiguis,
350 683 634 720 intercalaribus
670 681 794 716 nullis.
846 681 889 714 In
916 680 1042 715 formis
1068 695 1089 714 οι
1117 686 1153 716 et
1176 693 1201 721 ‘y
1226 682 1313 716 folia
1339 687 1424 716 sunt
1450 669 1611 727 integer-

106 744 197 778 rima
217 745 393 778 rariterve
413 743 649 783 subcrenata‚
676 741 712 775 in
739 740 856 774 forma
884 741 905 779 β
933 739 1108 774 dentibus
1132 740 1228 774 binis
1257 740 1416 775 ternisve
1444 742 1614 776 brevibus

104 802 223 836 acutis
257 802 433 846 marginis
461 800 654 836 anterioris
681 811 795 844 prope
824 799 871 833 ab
899 799 1006 842 apice
1033 791 1175 832 armata
1202 803 1297 833 sunt.
1349 799 1614 845 Avrzplziyastv·ia

104 861 201 895 foliis
234 862 443 906 quadruplo
476 861 640 900 minora,
679 859 886 908 orbiculata
921 862 997 891 aut·
1021 858 1375 899 subtransversalia‚
1403 849 1446 892 'in
1473 860 1613 895 ambitu

105 931 125 953 a
161 921 241 954 basi
270 921 317 954 ad
344 921 485 964 apicem
514 920 688 953 dentibus
724 919 864 962 aliquot
891 917 1049 951 setaceis
1078 917 1306 951 distantibus
1340 923 1500 959 armata,
1534 918 1614 962 ipso

105 978 211 1022 apice
237 980 350 1024 paulo
376 971 597 1023 profundius
624 977 865 1020 emarginato‚
893 975 1051 1010 subinde
1078 981 1115 1009 et
1139 976 1312 1009 dentibus
1330 976 1473 1011 duobus
1493 978 1611 1012 mino-

105 1038 207 1072 ribus
243 1038 336 1072 inter
371 1038 465 1071 duos
499 1037 658 1071 maiores
692 1035 873 1081 praedito.
942 1034 1122 1069 Involucri
1157 1034 1243 1068 folia
1278 1039 1315 1067 et
1352 1035 1617 1077 amphigastria

105 1097 263 1131 caulinis
290 1096 514 1136 conformia,
539 1096 651 1140 paulo
679 1095 836 1135 maiora,
864 1094 1004 1138 patula.
1057 1092 1307 1127 Per-iantlzz'um
1334 1103 1353 1125 e
1380 1093 1472 1127 foliis
1498 1093 1615 1127 tribus

104 1156 275 1189 connatis
310 1160 506 1196 constans,
541 1155 674 1189 lineam
711 1154 826 1187 altum
859 1152 1084 1195 (Gottscbe).
1143 1150 1393 1184 Fructificatio
1427 1162 1552 1185 revera
1578 1151 1614 1184 in

105 1215 245 1248 ramulo
272 1213 427 1247 ventrali
446 1213 546 1247 brevi
567 1213 772 1247 adscendit.
810 1213 907 1246 Sunt
924 1216 1047 1245 autem
1067 1209 1284 1254 specimina,
1311 1220 1465 1254 quorum
1487 1210 1615 1247 caulis,

104 1274 217 1308 veluti
244 1274 281 1307 in
310 1273 492 1306 ramulum
520 1272 746 1306 fructiferum
773 1271 977 1313 transiens,
1007 1269 1216 1314 periamhio
1243 1268 1364 1303 claudi
1394 1268 1555 1308 videtur,
1582 1272 1616 1301 et

104 1338 192 1367 tunc
219 1332 368 1377 quidem
396 1331 588 1366 innovatio
614 1325 758 1366 accedit
783 1331 943 1366 tenerior
973 1329 1194 1373 sterilisque.

426 1482 539 1524 XV.
605 1481 1141 1540 Gymnoscyphus
1174 1480 1316 1522 Corda

107 1580 143 1609 in
176 1576 300 1610 Sturm
335 1575 395 1609 Fl.
425 1575 544 1608 Germ.
571 1575 624 1609 II.
653 1575 759 1609 Fase.
794 1578 842 1610 26
875 1580 907 1609 et
940 1577 987 1609 27
1007 1586 1046 1620 p.
1076 1576 1144 1608 158
1170 1580 1194 1607 t.
1221 1576 1280 1608 42.
1315 1573 1362 1608 N.
1388 1573 1430 1606 ab
1453 1573 1498 1606 E.
1526 1572 1616 1618 Hel).

111 1635 201 1668 Eur.
230 1635 283 1669 ΙΙ.
318 1647 353 1680 p.
387 1637 452 1668 381
492 1646 526 1667 n.
563 1636 597 1668 9.
632 1633 699 1668 IV.
731 1647 769 1680 p.
798 1634 876 1669 LV.
911 1646 946 1668 n.
976 1637 1031 1668 10.
1092 1632 1286 1667 Endlz'clzer
1320 1632 1407 1666 Gen.
1439 1644 1476 1677 p.
1511 1634 1615 1665 4343.

105 1705 139 1726 η.
166 1691 314 1736 47⁶2s24.
1133 1684 1138 1690 “

205 1763 459 1798 Perianthium
486 1762 523 1796 in
553 1764 694 1797 ramulo
721 1762 940 1797 brevissimo
966 1762 1141 1803 lateram,
1173 1771 1370 1804 magnum,
1403 1760 1528 1794 fissum
1555 1762 1619 1792 aut

108 1822 338 1856 bilabiaturn.
388 1821 492 1855 Folia
519 1821 762 1856 involucralia
791 1821 902 1855 nulla.
956 1822 1133 1865 Calyptra
1160 1821 1325 1863 inclusa,
1361 1831 1382 1854 a
1409 1819 1487 1854 basi
1514 1819 1615 1853 solu-

107 1881 202 1915 bilis.
255 1880 417 1925 Capsula
445 1880 493 1913 ad
521 1881 626 1914 basin
656 1891 773 1925 usque
800 1880 1073 1925 quadrivalvis,
1100 1880 1469 1914 submembranacea.

202 1950 307 1984 Folia
325 1950 502 1991 succuba,
531 1950 830 1991 semiverticalia‚
858 1950 1137 1992 adscendentia‚
1157 1940 1301 1993 integra
1319 1953 1355 1983 et
1372 1947 1618 1991 integerrima.

108 2009 383 2053 Amphigastria
413 2009 525 2043 nulla.

214 2116 246 2146 1.
301 2114 721 2159 aymnoseyphus
746 2091 935 2156 &opens
961 2111 1085 2146 Corda
1112 2112 1134 2147 l.
1160 2124 1188 2146 e.
1217 2112 1265 2145 N.
1293 2111 1334 2145 ab
1360 2112 1406 2144 Ε.
1434 2111 1456 2145 l.
1483 2123 1512 2144 c.

204 2183 246 2216 In
283 2183 366 2227 alpe
393 2184 622 2218 Radstadter
648 2184 794 2217 Tauern
833 2183 880 2218 ad
918 2193 1010 2217 saxa
1043 2182 1224 2217 schistosa
1258 2181 1346 2225 legit
1372 2180 1499 2213 Funck
1530 2178 1618 2221 (Hb.

109 2241 247 2286 Cord.).

202 2312 338 2346 Planta
365 2313 495 2353 exilis,
539 2313 713 2360 Lejemzia
746 2312 975 2346 minutissima
1010 2313 1123 2347 ferme
1149 2312 1288 2352 minor,
1323 2308 1620 2353 Junyermmmiae

103 2371 256 2416 pumilae
290 2375 354 2405 aut
388 2371 426 2405 J.
456 2371 608 2417 Zeylzeri
641 2371 772 2405 minori
806 2372 903 2415 quod
940 2372 985 2404 ad
1021 2371 1107 2406 folia
1141 2371 1322 2405 subovata
1356 2369 1489 2402 obtusa
1522 2367 1616 2400 inte-

108 2430 266 2472 gerrima
293 2435 329 2464 et
356 2430 656 2463 ramificationem
684 2430 889 2472 simillima,
917 2431 1121 2475 rupincola.
1173 2428 1422 2463 Per-iantlzium
1456 2425 1618 2465 laterale,

109 2488 249 2522 nudum
275 2488 433 2532 (absque
460 2488 690 2533 involucro),
730 2499 926 2531 magnum,
962 2490 1076 2524 totius
1114 2489 1231 2523 caulis
1270 2487 1345 2520 fere
1379 2484 1618 2529 longitudine,

109 2547 353 2587 adscendens,
381 2547 850 2591 elongato-cyathifoime‚
879 2548 1223 2583 bilabiato-fissum
1244 2546 1338 2580 lobis
1364 2542 1618 2587 integerrimis,

109 2605 191 2638 basi
232 2609 484 2646 attenuatum,
533 2607 706 2641 texturae
744 2607 908 2641 laxioris.
961 2606 1186 2641 Pedmzculus
1220 2604 1429 2649 perianthio
1469 2600 1620 2635 dimidio

111 2663 263 2707 longior.
316 2665 468 2710 Capspda
496 2676 645 2709 magna,
672 2666 803 2706 ovalis,
832 2667 1014 2709 brunnea,
1042 2669 1214 2701 texturae
1242 2663 1400 2697 subtilis.

206 2734 264 2768 An
291 2735 589 2779 szyermanuiae
614 2736 768 2783 Zeylaeeri
792 2737 909 2771 forma
934 2738 1165 2771 monstrosa?

752 2885 976 2892 ————-—-
