1824 3252
627 177 844 212 Alicularia.
896 175 1113 218 Gpottschea.
1564 175 1635 207 619

110 307 146 339 p.
177 297 231 328 12.
304 295 326 326 4
345 292 381 327 b.
408 291 713 327 ,aliculam-ia
739 293 954 328 occlusa
979 291 1116 335 Taylor
1142 292 1180 324 et
1207 288 1363 324 Hooker
1384 287 1465 332 jun.

205 364 254 399 A.
280 363 378 398 caule
402 370 511 398 erecto
535 362 792 410 subcaespitoso,
816 365 925 399 ramis
941 363 1030 398 binis
1047 360 1258 408 simplicibus
1270 359 1326 395 vel
1346 371 1451 406 parce
1474 359 1634 399 ramosis,

98 424 203 470 soliis
236 423 486 470 renffmvm‘bus
525 419 603 458 hinc
636 424 908 459 descendentibus
945 422 1179 468 inteyerrimis
1209 422 1379 467 adpressis
1409 418 1636 457 subconcavis‚

98 484 232 529 fructu
259 510 268 519 .
297 510 306 519 .
328 509 336 516 .

301 545 572 587 Jungermannia
608 546 743 576 occlusa
781 543 913 590 Tnylor
946 543 1079 589 Hepat.
1113 549 1264 576 amaret.
1299 541 1336 574 in
1372 541 1485 574 Lond.
1511 539 1637 579 Journ„

388 603 432 648 qf
450 602 516 637 bot.
554 606 657 637 1844.
690 615 729 649 p.
756 607 839 638 369.
865 617 900 638 η.
929 607 963 638 5.
1016 602 1158 637 Hooker
1185 602 1308 648 Orypt.
1342 607 1492 635 amaret.
1514 612 1552 645 p.
1578 602 1637 633 34.

391 675 426 698 n.
452 666 487 697 5.
514 669 539 696 t.
567 666 626 697 62.
653 663 677 698 f.
705 667 739 698 8.

209 734 370 768 Habitat
408 734 445 768 in
485 734 713 778 Campbell’s
757 734 884 768 Island
933 733 969 767 in
1007 732 1222 777 paludosis,
1267 732 1365 767 unde
1405 730 1529 765 retulit
1571 730 1638 764 Dr.

115 793 269 829 Hooker
292 793 377 838 jun.

210 853 334 887 Caules
358 853 433 888 fere
462 853 698 897 bipollioares
727 854 844 887 luride
871 853 927 887 vel
955 853 1094 897 pallide
1132 853 1384 893 virescentes,
1420 849 1640 885 vetustiores

113 912 220 956 nigri.
271 913 374 947 Folia
401 913 582 954 olivaeea,
618 913 761 947 cellulis
789 913 896 947 valde
924 912 1076 947 minutis
1105 916 1141 946 et
1168 912 1238 946 sibi
1267 910 1476 956 adpressis,
1510 920 1640 943 versus

113 971 532 1015 apicemincresoentia,
560 973 764 1017 capitulum
788 970 1056 1014 subcircula're,
1085 972 1317 1013 circinatum,
1344 971 1482 1015 pallide
1497 969 1641 1004 fuscum

114 1031 324 1066 efficientia.

210 1091 318 1124 Obs.
361 1091 495 1126 Difl'ert
522 1092 568 1126 ab
585 1091 789 1126 Aliczdarz’a
814 1104 999 1139 compressa
1017 1092 1138 1126 Hook.
1167 1092 1251 1126 lobo
1279 1090 1451 1124 inferiore
1478 1088 1642 1132 longiore

115 1155 151 1184 et
186 1152 364 1194 angulum
399 1152 611 1187 inferiorem
646 1152 721 1188 lobi
757 1152 959 1196 superioris
993 1151 1101 1185 valde
1136 1151 1363 1191 excedente,
1401 1152 1438 1184 et
1472 1148 1641 1182 foliorum

117 1210 378 1246 reticulatione
405 1213 619 1256 angustiore
646 1217 682 1247 et
708 1213 860 1246 minore.

116 1306 151 1339 p.
182 1298 236 1329 12.
276 1296 348 1330 51).
384 1297 690 1331 Alie-alama
715 1295 1172 1341 strongylophyua
1199 1293 1334 1336 Taylor
1361 1296 1396 1326 et
1421 1291 1643 1334 Hook.jun.

213 1367 262 1401 A.
291 1367 386 1401 caule
417 1369 598 1414 caespitoso
630 1375 735 1401 erecto
769 1379 914 1407 ramoso,
938 1365 1044 1411 foliis
1075 1366 1218 1399 mi7mt1‘s
1250 1362 1482 1397 erec-tiusculis
1516 1362 1643 1396 subim-

116 1425 258 1460 bricatis
282 1428 437 1460 secundis
461 1428 658 1461 rotundatis
674 1426 939 1461 eonem-insculis
960 1425 1202 1469 inte-(Jerrimz‘s,
1229 1422 1489 1469 ampltiyastriis
1502 1422 1646 1455 minutis

116 1486 285 1519 truncatis
311 1485 436 1530 bifidis,
457 1487 658 1533 periantltio
684 1486 822 1531 oblonyo
846 1485 1092 1531 subeompresso
1118 1497 1173 1518 ore
1199 1484 1383 1517 rotundato
1411 1482 1586 1516 bilabiato.

190 1548 225 1588 β,
259 1547 386 1589 minor,
413 1550 573 1591 gracilior
601 1550 689 1580 soliis
717 1547 975 1580 minutioribus.

397 1609 669 1649 Jungermannia
697 1606 985 1650 strongylophylla
1014 1602 1147 1650 Taylor
1174 1603 1267 1648 Hep.
1293 1607 1444 1635 (tutaret,
1472 1601 1507 1634 in
1534 1600 1646 1634 Lond.

446 1666 573 1700 Journ.
599 1666 644 1711 of
662 1665 727 1700 bot.
759 1668 845 1699 1844
868 1678 906 1711 p.
933 1667 1016 1699 370.
1043 1676 1077 1698 τι.
1105 1666 1140 1698 6.
1176 1663 1318 1696 Hooker·
1345 1661 1467 1707 Crypt.
1493 1665 1646 1695 antarct-

439 1737 478 1770 p.
506 1728 564 1760 34.
591 1737 626 1759 η.
654 1728 688 1759 6.
716 1732 741 1759 t.
768 1727 827 1758 62.
845 1724 883 1769 f.
910 1728 945 1758 9.

219 1795 378 1830 Habitat
403 1796 440 1830 in
468 1796 596 1830 Insula
615 1796 852 1840 Campbellii,
883 1798 904 1837 β
930 1795 965 1829 in
982 1793 1119 1828 Insulis
1136 1793 1334 1827 Auokland
1362 1792 1399 1826 in
1426 1790 1522 1834 udis,
1551 1789 1650 1824 unde

122 1855 247 1889 retulit
275 1856 341 1891 Dr.
367 1856 522 1891 Hooker
542 1857 624 1900 jun.

220 1915 394 1962 Caespites
420 1916 536 1957 fusci,
572 1916 649 1950 fere
676 1918 693 1956 ἐ
724 1915 811 1959 poll.
839 1913 925 1955 alti,
961 1913 1041 1947 aliis
1077 1912 1215 1946 muscis
1251 1912 1470 1956 irrepentes.
1530 1908 1653 1943 Cazeles

123 1973 280 2016 graciles
315 1974 558 2009 subssexuosi.
626 1975 730 2009 Folia
772 1973 880 2007 valde
916 1976 1096 2016 angusta,
1139 1972 1254 2005 dense
1297 1971 1509 2007 reticulata.
1556 1969 1652 2003 serie

123 2033 338 2067 cellularum
366 2034 546 2069 maiorum
575 2035 681 2080 quasi
700 2036 920 2079 marginata,
946 2034 1081 2069 coloris
1108 2032 1396 2068 fusco-olivacei
1424 2030 1455 2064 si
1481 2029 1654 2061 humecta

125 2096 222 2125 sunt.
279 2092 546 2139 Amphiqastria
572 2094 840 2133 minutissima,
868 2095 1043 2137 oblonga,
1079 2092 1205 2127 bifida.
1263 2093 1355 2126 Var.
1383 2094 1404 2133 β
1438 2101 1487 2124 ex
1515 2088 1653 2123 Insulis

125 2151 324 2185 Auckland
339 2152 437 2197 folia
470 2153 693 2188 distantiora
727 2159 762 2188 et
797 2154 940 2188 minora
976 2154 1099 2187 habet.
1152 2152 1343 2196 Perifsonia
1373 2151 1503 2184 breves
1530 2148 1653 2192 spicas

126 2211 163 2244 in
191 2211 313 2246 medio
340 2223 442 2246 ramo
469 2213 680 2255 formantia,
708 2214 805 2248 foliis
821 2211 1350 2258 perigonialibus·ventricosis
1372 2207 1653 2243 etarctioribus.

128 2271 234 2305 Folia
260 2271 489 2306 imolam-alia
515 2273 673 2307 caulinis
700 2273 881 2316 longiora.
935 2271 1185 2306 Periantlzium
1212 2270 1299 2304 folia
1319 2267 1564 2303 involucralia
1589 2266 1654 2299 vix

129 2340 334 2373 superans,
371 2331 800 2375 oblongo-obovatum‚
838 2343 900 2366 ore
928 2335 1093 2366 creuato.

710 2437 1080 2484 Gottschea.

132 2530 167 2562 p.
198 2521 252 2552 14.
282 2518 304 2552 l.
336 2521 390 2559 16,
427 2528 566 2561 ponas:
601 2517 702 2551 Inler
728 2521 775 2552 27
802 2529 902 2562 spec.
937 2537 984 2542 --
1020 2515 1226 2550 Addendae
1253 2518 1360 2548 sunt:
1400 2512 1530 2547 Novae
1558 2512 1653 2545 Zee-

228 2576 390 2617 landiae,
420 2577 591 2620 „species
619 2579 666 2611 8“
694 2577 776 2611 loco
803 2587 903 2621 spec.
930 2580 966 2616 4,
996 2576 1135 2610 Insulis
1153 2573 1422 2608 Aucklandicis
1446 2574 1656 2616 ‚,specc.2“

229 2636 310 2670 loco
338 2638 377 2679 1,
412 2642 450 2670 et
484 2636 532 2670 ad
564 2637 698 2670 fretum
735 2636 1026 2679 Magellanicum
1062 2640 1099 2668 et
1133 2635 1213 2678 Cap
1241 2633 1346 2667 Horu
1382 2633 1462 2666 loco
1494 2642 1594 2675 spec.
1626 2633 1656 2670 l,

231 2694 471 2729 scribendum
498 2701 554 2730 est
581 2707 732 2741 „spec-c.
758 2700 827 2738 3“;
855 2707 964 2741 porro
991 2696 1142 2730 Insulae
1159 2693 1424 2728 Falklandioae
1453 2694 1470 2726 l
1497 2691 1657 2735 speciem

233 2754 424 2794 nutriunt5
448 2755 487 2789 in
517 2756 622 2790 Chile
648 2767 768 2800 nuper
793 2756 969 2790 inventae
997 2759 1084 2788 sunt
1109 2758 1132 2788 2
1158 2753 1318 2798 species.

137 2836 174 2869 p.
204 2829 259 2859 14.
287 2826 308 2859 Ι.
336 2829 370 2860 6.
397 2827 461 2861 inf.
478 2827 596 2862 addas
614 2827 829 2872 synonymis
846 2827 1159 2862 Gottscheae
1181 2821 1657 2870 appendiculatae:

235 2885 366 2932 Taylor
404 2887 440 2919 in
466 2887 577 2922 Lond.
605 2888 733 2922 Journ.
758 2887 802 2933 qs
820 2886 886 2922 bot.
925 2890 1028 2921 1844.
1060 2898 1097 2932 p.
1125 2888 1208 2920 577.
1240 2897 1274 2919 n.
1305 2886 1336 2919 1.
1389 2879 1510 2915 Raoul
1546 2879 1661 2915 Flffl'a

234 2945 351 2979 Norae
377 2946 594 2981 Zeelandiae.
616 2960 653 2993 p.
681 2951 740 2982 35.
