1824 3252
716 183 1018 230 Symphyogyna.
1557 195 1626 227 787

202 297 296 331 Fere
321 296 522 341 possiearis,
548 297 686 341 pallide
704 299 1040 335 olivaceo-viridis.
1077 301 1235 336 Frondcs
1254 307 1438 347 repentes,
1465 304 1629 340 iuniores

105 360 143 390 et
177 357 323 391 steriles
359 368 472 401 saepe
510 363 665 400 acutae5
704 360 854 394 frondes
894 361 1062 394 novellae
1097 371 1117 394 e
1155 372 1350 396 nervorum
1391 364 1628 399 extremitate

104 421 335 451 vetustarum
369 416 553 451 frondium
589 422 781 463 tamquam
820 430 988 463 gemmae.
1021 420 1213 464 stipitatae
1247 422 1429 457 oriuntur.
1479 423 1629 470 Capsula

103 475 275 518 linearis,
314 476 417 510 rimis
450 481 610 521 quatuor
643 479 701 512 vel
738 479 908 522 pluribus
934 479 1148 521 dehiscens,
1184 481 1344 515 valvulis
1372 482 1479 525 apice
1503 483 1627 517 unitis.

104 535 248 569 Semina
275 537 455 570 elaterum
487 537 710 571 diametrum
737 538 987 582 quadruplam
1015 539 1091 574 sere
1113 546 1286 584 aequant.
1338 540 1512 586 Squamae
1526 543 1629 588 peri—

98 595 250 639 9oniales
289 595 482 630 involucro
521 597 713 640 calyptrae
753 598 965 632 consimiles
1003 604 1109 641 sunt,
1159 600 1225 634 sed
1270 600 1390 644 magis
1427 611 1629 643 concavae,

103 654 250 698 singula
277 655 459 698 singulam
496 656 686 689 antheram
722 657 929 692 continens.

200 713 338 747 Diffcrt
365 726 386 748 a
414 714 453 749 S.
483 714 696 761 Harveyana
732 716 862 750 fronde
889 720 1040 760 repente
1066 716 1188 751 minus
1215 717 1333 752 divisa
1360 721 1397 751 et
1421 718 1627 761 marginum

102 772 278 807 dentibus
305 773 477 817 spinosis.

105 876 142 909 p.
169 868 255 900 482.
390 869 424 900 6.
476 867 883 916 Symphyoyyna
909 869 1132 903 sinuata
1157 867 1211 902 M.
1239 872 1276 902 et
1303 868 1350 903 N.

199 938 384 973 Deleatur
401 939 542 982 Synon.
567 940 868 984 Junyermanniae
896 938 1071 972 cellulosae
1098 940 1254 982 Spreng.
1281 938 1393 984 (quae
1420 944 1475 974 est
1497 941 1627 975 Masti-

96 997 264 1044 yobryum
288 997 485 1032 cellulosum
512 999 601 1042 Syn.
629 1010 664 1043 p.
692 1002 780 1043 217)
805 1005 842 1032 et
867 999 988 1043 patria
1017 999 1256 1042 Guadelupa.

196 1057 308 1090 Locis
335 1058 525 1091 natalibus
554 1059 674 1093 adde:
714 1058 905 1092 Trinitatis
941 1058 1103 1092 insulam
1134 1058 1331 1101 (Criiger),
1378 1058 1626 1098 Columbiam,

102 1115 147 1148 ad
177 1115 341 1150 Caracas
372 1116 572 1162 (Karsten)
599 1123 634 1151 et
661 1119 716 1152 St.
745 1118 935 1152 Vincentii
963 1118 1121 1151 insulam
1152 1117 1247 1160 (Hb.
1277 1118 1382 1161 Hk.).

99 1218 135 1251 p.
163 1210 246 1242 483.
488 1210 522 1242 7.
574 1207 975 1253 Syvnphyoyyna
1001 1206 1244 1251 oblonya.

202 1266 420 1301 Secundum
458 1267 502 1300 cl.
539 1267 728 1299 Sullivant
762 1265 901 1308 (Musei
929 1265 1236 1307 Alleghanienses
1271 1275 1306 1308 p.
1334 1266 1409 1309 66),
1445 1265 1506 1309 qui
1534 1265 1639 1299 vidit<

99 1325 333 1360 Herbarium
363 1325 617 1360 Schweinitzii
654 1335 753 1358 nunc
786 1325 821 1357 in
851 1324 968 1358 Acad.
996 1324 1088 1358 Nat.
1116 1324 1177 1357 Sc.
1205 1323 1353 1356 Philad.
1382 1327 1626 1364 asservatum,

97 1386 192 1419 haec
209 1386 369 1429 species,
398 1390 439 1418 ut
465 1390 502 1418 et
525 1384 790 1430 Symphyoqua
803 1382 1042 1417 Schweinitzii
1067 1385 1121 1427 (p.
1138 1385 1220 1417 484.
1240 1385 1310 1427 12),
1338 1383 1437 1416 haud
1458 1383 1627 1417 diversae

101 1450 189 1479 sunt
216 1456 237 1478 a
265 1445 422 1479 Steetzia
450 1443 594 1490 Lyellii.

100 1538 136 1570 p.
163 1529 246 1560 483.
352 1528 406 1560 lo.
460 1525 864 1571 Symphyoyyua
889 1524 1299 1558 Lelnnemnn'ana
1327 1522 1373 1557 N.
1399 1523 1446 1557 ab
1474 1523 1515 1557 E.

101 1585 210 1619 Adde
238 1585 397 1628 Synon.:
428 1584 608 1617 Lehmann
636 1583 788 1617 Plantae
815 1583 1039 1616 Preissianae
1065 1583 1117 1617 11.
1137 1595 1177 1628 p.
1208 1586 1287 1616 130.

198 1645 242 1678 In
273 1644 380 1678 Nova
411 1644 617 1678 Hollandia
645 1654 761 1687 prope
787 1643 966 1687 oppidum
994 1642 1228 1677 Freemantle
1256 1642 1344 1685 legit
1363 1641 1502 1675 Preiss.
1531 1641 1624 1685 (Hb.

98 1717 223 1751 propr.
252 1717 287 1740 n.
313 1706 442 1748 2661.)

100 1811 134 1843 p.
165 1802 245 1834 484.
346 1801 389 1831 10
411 1797 445 1831 b.
498 1796 906 1842 Symphyoyyua
933 1795 1238 1829 atr-enervia
1262 1794 1410 1837 Taylor.

196 1858 236 1892 S.
260 1858 393 1903 fronde
445 1855 658 1901 subsimplici
706 1855 863 1899 elongsaca
910 1854 1147 1897 atzyustissime
1184 1853 1308 1886 lineari
1349 1853 1628 1888 suhaclseemleute

99 1915 257 1962 maryiue
290 1917 515 1960 integerrima
539 1915 717 1960 flexuosa,
747 1913 1015 1959 par-encleymate
1048 1911 1288 1945 atro-ollz-aceo
1321 1925 1462 1946 nervum
1497 1919 1629 1946 tenuem

99 1977 260 2021 utrinque
291 1976 492 2014 comitante,
537 1974 704 2020 calyptris
738 1972 810 2006 basi
843 1972 1037 2016 unqu-statis
1065 1970 1242 2017 emptica,
1284 1972 1377 2017 apice
1399 1971 1526 2016 pistilli
1546 1973 1625 2013 eris,

100 2036 173 2070 basi
197 2049 337 2081 squama
363 2034 503 2079 obl0⁷zya
530 2033 868 2068 laciniam-dentata
896 2032 1002 2071 tectis,
1029 2031 1168 2076 capsula
1193 2030 1424 2076 cylt‘ndracea.

293 2096 561 2140 Symphyogyna
589 2094 779 2126 atronervia
817 2090 919 2136 Tayl.
955 2090 1043 2124 Νου.
1079 2090 1170 2135 Hep.
1205 2092 1244 2123 in
1277 2090 1388 2123 Loncl.
1422 2090 1549 2123 Journ.
1591 2089 1635 2134 qs

378 2153 444 2187 bot.
476 2156 577 2187 1846.
598 2165 638 2198 p.
666 2155 749 2188 409.
776 2164 811 2184 η.
837 2154 872 2184 3.

197 2210 360 2244 Habitat
386 2212 486 2254 apud
514 2212 701 2245 Pillzhum
731 2209 951 2244 Columbiae
985 2208 1174 2250 (Jameson
1202 2208 1238 2241 in
1270 2207 1343 2241 Hb.
1372 2207 1481 2250 Hk.).

197 2270 241 2303 In
268 2270 499 2313 caespitibus
527 2270 646 2308 laxis;
683 2269 834 2303 frondes
861 2268 1025 2301 iuniores
1052 2267 1190 2310 pallide
1215 2267 1372 2307 virides,
1406 2265 1626 2300 vetustiores

102 2331 267 2361 saturate
301 2328 662 2369 olivaceo-virides‚
704 2327 994 2371 parenchymate
1031 2325 1206 2369 utrinque
1240 2335 1392 2358 nervum
1425 2324 1627 2358 comitante

101 2387 178 2421 sere
204 2386 322 2430 nigro.
362 2387 529 2421 Frondes
550 2387 625 2420 fere
642 2386 896 2431 bipollicares‚
922 2385 1139 2428 plerumque
1166 2384 1377 2428 simplices3
1403 2394 1488 2427 pars
1509 2385 1626 2419 altera

100 2447 255 2480 inferior
283 2446 471 2480 radicellis
497 2451 617 2480 terrae
651 2446 797 2486 adfixa,
825 2446 942 2479 altera
969 2444 1137 2488 superior
1171 2444 1288 2478 libera
1316 2449 1353 2477 et
1378 2443 1625 2478 adscendens.

102 2507 282 2550 Calyptra
305 2511 456 2550 propter
485 2505 593 2538 basin
617 2509 854 2548 angustatam
881 2504 990 2548 quasi
1016 2503 1184 2546 stipitata
1211 2513 1409 2546 apparens.
1461 2503 1627 2547 Capsula

102 2565 205 2600 rimis
231 2565 498 2610 irregularibus
533 2564 749 2606 dehiscens,
786 2563 946 2597 valvulis
982 2573 1137 2596 numero
1171 2567 1208 2596 et
1240 2561 1438 2595 latitudine
1470 2561 1621 2594 varian-

102 2625 204 2658 tibus
221 2625 327 2668 apice
345 2624 531 2659 connatis.
583 2624 748 2668 Capsula
776 2634 825 2657 ex
843 2622 992 2656 duabus
1019 2621 1244 2655 membranis
1270 2621 1443 2661 conflata,
1467 2631 1624 2664 quarum

103 2684 268 2718 exterior
293 2685 480 2718 cuticulae
505 2684 624 2718 instar
650 2682 891 2723 tenuissima,
926 2680 1079 2714 interior
1113 2685 1235 2713 autem
1262 2680 1480 2713 cellularum
1506 2678 1622 2713 serie-

104 2744 174 2777 bus
201 2744 390 2787 parallelis
419 2742 754 2786 longitudinalibus
791 2744 969 2774 contexta
1006 2744 1074 2774 est.
1133 2739 1174 2773 Si
1207 2742 1353 2772 matura
1385 2742 1461 2781 est,
1504 2748 1625 2773 mem-

103 2803 219 2836 brana
245 2803 398 2836 interior
423 2805 461 2836 in
487 2802 699 2845 complures
725 2800 894 2835 valvulas
921 2802 986 2832 aut
1011 2803 1137 2843 partes
1168 2796 1384 2841 irregularis
1415 2795 1625 2830 latitudinis

103 2861 311 2897 secundum
333 2862 416 2895 illas
434 2860 548 2895 series
575 2859 866 2904 longitudinales
890 2857 1054 2900 finditur,
1080 2867 1177 2902 quae
1201 2861 1326 2891 tamen
1352 2856 1459 2900 apice
1479 2866 1624 2900 semper

102 2921 231 2955 unitae
258 2925 356 2954 sunt.
405 2920 526 2964 (Tayl.
553 2920 578 2955 1.
604 2921 656 2964 c.)

1261 2998 1354 3027 50*
