1824 3252
586 211 782 246 Reboulia.
835 213 1053 247 Grimaldia.
1509 222 1579 251 549

401 329 434 358 2.
485 323 1013 369 Reboulae‘afasct‘ata
1040 326 1088 361 N.
1118 327 1164 360 ab
1194 327 1236 360 E.
1271 338 1274 341 ⁴

158 395 208 429 R.
224 394 414 440 frondibus
446 395 660 428 articulatim
686 396 925 431 immi-antibus
959 399 1176 431 extremitate
1210 399 1578 442 emmyinccto-rotnn-

61 455 153 488 datis
176 467 283 500 supra
307 454 478 487 viridibus
501 453 619 487 subtus
643 454 706 496 (in
730 456 844 501 diseo)
864 457 1064 502 purpureis,
1092 456 1295 502 receptaculi
1321 457 1425 491 barba
1442 457 1579 492 lineari.

251 525 461 557 Marchantia
491 526 624 556 fasciam
653 524 789 571 [Hyr-in.
817 526 986 562 Limleub.
1013 527 1050 561 in
1076 527 1183 561 Βίαν.
1211 528 1276 562 bot.
1306 528 1445 562 Ratisb.
1476 530 1578 562 1833.

340 584 368 617 I.
390 596 429 629 p.
462 586 540 618 174.

157 654 317 688 Habitat
345 653 379 687 in
406 652 522 687 Lulei'i
549 653 743 696 Lapponia
772 655 816 688 ad
846 660 979 690 terram
996 655 1168 699 (Myrin).
1198 656 1286 691 Vidi
1307 657 1343 691 in
1365 657 1439 691 Hb.
1459 657 1575 690 Hart-

61 714 235 748 maniano
261 713 449 755 specimen
476 712 669 755 originale.

158 784 353 818 Simillima
382 781 570 815 Rebouliae
594 782 896 827 lzemisphaericae,
932 795 999 818 nec
1035 785 1108 819 fere
1137 786 1283 820 diversa
1318 786 1386 820 nisi
1414 787 1578 831 squamis

63 844 201 877 barbae
234 841 473 875 involucralis
510 841 704 874 latioribus
739 841 860 884 planis
896 854 917 875 a
952 843 1032 877 basi
1069 844 1455 880 lineari-attenuatis.
1519 847 1576 879 An

62 913 137 936 var.
166 904 178 935 ἲ

158 959 322 993 Adnot.
374 958 417 990 In
443 957 541 1000 Hep.
558 958 644 990 Eur.
673 968 804 1000 synon.
823 958 1070 992 Marchamiae
1083 960 1261 1004 fasciatae
1287 963 1356 995 sub
1379 962 1578 997 Grimaldia

60 1018 281 1064 barbt‘fromle
301 1017 386 1059 (IV.
404 1028 438 1060 p.
455 1018 544 1059 225)
573 1026 654 1049 cum
679 1016 985 1050 adnotationibus
1006 1029 1040 1061 p.
1059 1022 1128 1054 227
1150 1025 1185 1053 et
1204 1024 1274 1055 238
1292 1020 1450 1055 delenda
1479 1026 1576 1056 sunt.

385 1111 420 1141 3.
471 1108 733 1142 Rebouveia
759 1108 1027 1144 Javanz‘ea
1056 1110 1101 1144 N.
1132 1111 1178 1144 ab
1208 1112 1252 1145 E.

156 1181 206 1214 R.
222 1178 412 1223 frondibus
437 1178 639 1212 (lieltotomis
672 1177 768 1222 Ionyo
804 1185 919 1212 tractu
947 1181 1122 1214 continuis
1147 1180 1450 1215 articzclatc'onibns
1485 1182 1578 1215 raris

58 1238 328 1273 extremitatibus
362 1236 477 1281 blflsll's
511 1250 607 1282 saepe
639 1237 1086 1272 ecmalieulato-convolutis
1116 1252 1219 1285 supra
1258 1239 1426 1274 viridibus
1460 1240 1577 1274 subtus

54 1298 252 1345 pmpureis,
277 1295 565 1341 receptaculorum
591 1295 697 1329 barba
721 1302 878 1340 anyusta.

129 1373 163 1412 β,
190 1368 380 1412 anqustior,
407 1368 589 1399 frondibus
616 1368 830 1409 longioribus
860 1370 936 1399 totis
964 1369 1031 1399 fere
1061 1371 1264 1402 convolutis.
1293 1372 1368 1413 (07¹)

153 1439 211 1472 Ad
237 1437 400 1481 parietes
427 1437 648 1480 templorum
676 1437 812 1471 montis
842 1437 967 1480 Dieng
994 1438 1078 1472 latis
1105 1439 1412 1484 densissimisque
1440 1441 1576 1481 stratis,

57 1498 159 1531 Julio
185 1507 266 1530 cum
295 1496 414 1530 fructu
443 1496 618 1539 perfecto.
676 1496 765 1529 Var.
794 1500 815 1537 β
850 1496 885 1529 in
915 1496 1009 1529 valle
1037 1503 1238 1541 praerupta
1274 1500 1348 1533 alta
1377 1500 1460 1533 Kali
1490 1500 1571 1533 Ku-

60 1557 147 1600 ning
173 1566 287 1599 prope
315 1555 554 1597 Sawungong
582 1555 626 1587 ad
656 1555 787 1597 pedem
815 1555 951 1588 montis
978 1555 1147 1599 Merapi,
1183 1557 1370 1600 lapidibus
1404 1558 1572 1599 instrata,

61 1614 284 1657 Septembri,
312 1613 447 1647 sterilis
477 1613 692 1656 (Junghuhn
720 1614 756 1646 in
786 1614 860 1647 Hb.
893 1614 937 1646 N.
967 1618 1003 1647 et
1030 1615 1180 1658 propr.).

153 1683 362 1718 Persimilis
389 1682 578 1717 Rebouliae
611 1684 916 1730 hemisphaerieae,
952 1685 1015 1717 sed
1045 1685 1190 1718 diversa
1224 1685 1353 1719 habitu
1388 1685 1572 1719 frondium

58 1742 207 1776 minime
245 1742 453 1780 articulato.
506 1743 660 1775 Fromles
685 1746 708 1776 2
734 1764 748 1768 -
770 1747 792 1777 3
811 1744 898 1786 poll.
928 1743 1059 1787 longae
1075 1770 1082 1782 ,
1109 1747 1131 1777 2
1151 1765 1165 1769 -
1188 1747 1209 1777 4
1231 1765 1245 1769 -
1268 1745 1330 1778 lin.
1361 1746 1469 1784 latae,
1498 1745 1572 1778 fere

57 1802 235 1841 lineares;
264 1800 369 1844 apice
397 1805 519 1834 tamen
547 1801 659 1844 paulo
685 1801 854 1843 latiores,
888 1802 924 1835 in
952 1802 1073 1836 medio
1102 1803 1183 1845 plus
1211 1803 1333 1836 minus
1359 1804 1571 1847 depressae,

57 1860 200 1903 apicem
226 1869 356 1893 versus
383 1860 612 1902 marginibus
650 1860 965 1894 adscendentibus
1000 1861 1074 1894 fere
1107 1861 1348 1901 convolutae,
1382 1863 1568 1905 repando-

56 1919 214 1958 lobatae,
241 1922 370 1961 argute
395 1918 660 1960 denticulatae,
689 1930 803 1962 supra
830 1919 965 1953 virides
992 1920 1048 1952 vel
1077 1919 1317 1960 rufescentes,
1341 1919 1568 1963 divergenli-

57 1977 247 2011 striolatae
273 1977 528 2020 colliculisque
555 1988 728 2020 pororum
756 1978 927 2011 ovalibus
960 1989 1202 2022 conspersae,
1241 1980 1374 2013 subtus
1406 1985 1571 2014 saturare

55 2046 286 2081 purpureae,
322 2035 571 2069 radiculorum
609 2036 804 2080 utriusque
841 2038 988 2080 generis
1023 2038 1138 2071 denso
1172 2038 1306 2072 vellere
1341 2039 1461 2082 griseo
1494 2042 1571 2075 solo

56 2100 246 2139 stratoque
290 2093 474 2128 frondium
517 2094 768 2128 subiectarum
817 2096 986 2137 adfixae,
1034 2096 1200 2139 margine
1240 2098 1342 2131 tenui
1385 2099 1571 2142 diaphano

55 2154 211 2188 cinctae.
251 2153 440 2197 Squamac
458 2153 644 2187 ventrales
672 2154 744 2187 late
772 2159 916 2195 ovatae,
943 2154 1123 2195 bicornes,
1151 2166 1374 2198 purpureae.
1424 2157 1567 2191 Pedem-

55 2211 126 2246 culi
156 2212 195 2245 in
221 2211 391 2255 apicibus
419 2212 603 2245 frondium
630 2211 790 2256 ideoque
817 2224 931 2257 saepe
958 2214 1150 2256 geminae,
1185 2215 1263 2247 basi
1293 2214 1472 2259 apiceque
1498 2226 1571 2259 pa—

57 2270 384 2311 leaceo-barbati,
411 2271 714 2313 semspossicares,
741 2272 873 2314 glabri.
915 2272 1148 2319 Receptacula
1162 2268 1321 2317 feminea
1346 2275 1570 2315 2-5-loba‚

57 2328 362 2369 convexiuseula,
384 2333 592 2372 punctaio-
610 2330 753 2363 scabra.
807 2330 968 2375 Reliqua
994 2332 1143 2365 omnino
1169 2331 1326 2374 generis.
1381 2332 1568 2376 Recepta—

57 2389 182 2423 culum
208 2387 454 2421 masculinum
482 2398 612 2421 versus
639 2388 784 2431 apicem
812 2389 951 2422 frondis
976 2389 1083 2425 iuxta
1112 2390 1288 2433 angulum
1315 2390 1571 2425 bifurcationis

57 2447 206 2489 sessile,
233 2445 482 2487 discoideum,
516 2447 572 2479 vel
601 2457 620 2480 e
648 2446 745 2480 binis
773 2448 1046 2482 confluentibus
1073 2449 1193 2482 oriens
1220 2449 1417 2492 oblongum
1445 2460 1567 2485 emar-

58 2507 310 2550 ginatumque,
337 2515 559 2546 convexum,
590 2506 809 2547 brunneum,
835 2506 873 2540 in
901 2507 1040 2541 ambitu
1068 2509 1281 2541 setulosum.

356 2610 534 2651 LVIII.
569 2610 702 2661 (IX.)
739 2610 1097 2658 Grimaldia
1130 2612 1273 2653 Raddi

61 2693 96 2724 in
124 2692 247 2735 Opztse.
273 2690 426 2734 scientis.
453 2692 490 2724 cli
512 2691 593 2724 Bol.
623 2692 673 2724 II.
696 2704 733 2737 p.
755 2694 837 2726 356.
890 2692 936 2724 Ν.
962 2693 1003 2726 ab
1030 2693 1075 2726 E.
1104 2696 1139 2726 in
1158 2692 1275 2726 Limll.
1300 2692 1429 2726 lntrod.
1457 2694 1507 2726 erl.
1535 2698 1569 2728 2.

54 2763 91 2795 p.
119 2752 203 2782 414.
255 2749 343 2795 Hep.
372 2749 462 2783 Eur.
493 2749 559 2783 1V.
579 2763 617 2795 p.
647 2750 784 2784 XXX.
814 2757 845 2784 et
869 2753 952 2785 22¹.
980 2765 1013 2785 η.
1040 2756 1074 2786 9.
1137 2751 1325 2785 Endlz‘eher
1353 2752 1436 2785 Gen.
1460 2764 1497 2797 p.
1525 2756 1569 2786 44

58 2810 210 2842 ec1337.
234 2809 365 2842 n.463.
418 2809 600 2849 Limlenb„
626 2809 800 2856 Bischqff,
830 2810 984 2851 Hiiben„
1012 2811 1136 2844 Corda.
1199 2809 1416 2844 Sindonisce
1447 2810 1570 2845 Corda.

61 2866 325 2901 Pleurochiton
356 2867 468 2902 Corda
495 2868 604 2914 Mspc.
656 2869 812 2903 Mannia
841 2869 947 2913 Opicz
976 2869 1092 2903 Beitr.
1116 2882 1151 2914 p.
1180 2872 1261 2902 646.
1311 2868 1570 2903 Marchantiae

59 2935 180 2968 specc.
207 2931 311 2959 aucit.
