1824 3252
729 182 1028 226 Pbragmicoma.
1564 188 1633 220 741

114 309 212 342 saepe
236 296 369 342 longius
391 294 650 331 decurrentibus
672 297 923 340 inteyerrimis.
946 297 1076 341 fructu
1108 298 1145 331 iu
1179 298 1404 339 dichotomia,
1436 297 1636 344 perianthio

115 356 234 390 adulto
259 356 602 401 elonyato-quaclrato
627 367 810 401 compresso
836 356 1026 391 laevissinw
1050 356 1146 401 (sine
1171 357 1243 392 ulla
1267 358 1376 392 crista
1400 356 1452 391 vel
1475 357 1634 402 carina).

115 416 248 450 iuniori
272 416 409 450 obovato
418 435 432 440 -
444 427 642 461 compresso,

187 499 221 527 α,
251 486 423 531 flaccida,
463 487 553 518 foliis
594 487 1096 530 remotiusculis]subintegris
1133 489 1254 520 lobulo
1288 489 1495 531 plerumque
1531 499 1634 532 parvo

258 547 312 576 vel
338 547 503 577 obsoleto.

233 616 256 636 a
283 604 317 646 ³¹⁶,
347 603 553 648 fusceseens,
580 606 669 636 foliis
691 606 931 648 integerrimis,
958 605 1077 636 lobulo
1103 617 1221 647 parvo.

394 665 557 704 Lejeunia
584 664 818 707 Bongardiana
847 663 893 697 L.
918 670 950 697 et
977 663 1043 708 Ly.
1095 662 1241 709 Synops.
1263 663 1508 710 HPp.p.318.
1524 676 1559 699 π.
1580 667 1634 699 15.

234 723 321 766 οιῊε,
353 722 518 763 viridula,
546 725 634 755 foliis
662 723 972 765 subinteger1·imis‚
1005 723 1124 754 lobulo
1151 735 1251 767 saepe
1277 725 1393 766 paullo
1419 724 1563 757 maiore.

394 782 469 817 Hb.
496 782 663 816 Liebman
687 795 722 816 η.
749 784 821 815 369
839 781 874 816 b.
901 787 934 815 et
957 783 1028 816 483
1044 792 1076 816 a.

186 855 222 895 β,
257 852 432 898 riyz'dula,
470 855 561 886 soliis
597 854 766 895 contiguis
802 853 856 885 vel
890 853 1097 893 imbricatis,
1131 853 1287 896 pluribus
1322 854 1418 897 apice
1456 855 1636 896 angulatu—

259 914 404 945 dentatis
432 914 714 952 convexiuscnlis,
742 912 992 955 ampliigastiiis
1018 912 1231 944 subressexis.

232 973 255 1013 β
279 971 313 1014 *²
353 971 575 1018 complicata,
610 974 700 1005 foliis
726 971 1027 1011 subdenduulafis,
1061 971 1179 1002 lobulo
1205 983 1305 1016 saepe
1332 973 1535 1013 maiusculo,
1559 984 1637 1004 am-

358 1032 552 1075 phigastriis
579 1032 789 1064 snbreflexis.

390 1090 553 1132 Lejeunia
581 1091 783 1133 complicata
817 1088 971 1133 Hampe.
1023 1087 1166 1135 synops.
1186 1101 1225 1135 p.
1251 1093 1334 1124 3¹21.
1361 1103 1396 1125 n.
1423 1093 1483 1125 22.

234 1155 320 1197 βΗ,
346 1154 492 1198 ἷοηρίον,
508 1156 597 1186 foliis
614 1155 858 1194 3-4-dentatis‚
874 1156 991 1187 lobulo
1011 1166 1126 1197 parm,
1142 1156 1392 1199 ampliigastriis
1405 1157 1638 1199 plauiusculis.

392 1213 466 1247 Hb.
492 1213 662 1248 Liebman
688 1226 722 1248 η.
750 1216 832 1248 286.

210 1284 364 1319 Patriae
389 1283 426 1317 ᾖ)
455 1284 617 1328 Synopsi
644 1295 680 1328 p.
707 1286 778 1318 318
812 1284 909 1317 adde
934 1283 1035 1318 locos
1062 1284 1207 1318 natales
1233 1283 1458 1318 Mexicanos
1485 1285 1525 1319 S.
1554 1287 1634 1320 An-

112 1344 214 1379 ionio
242 1344 438 1377 Huatusco
466 1343 575 1387 (affl)
605 1347 641 1377 et
668 1343 837 1377 Mirador
861 1342 899 1385 (β
913 1343 989 1386 Μ),

210 1415 425 1449 Secundum
453 1415 603 1458 plantae
630 1414 798 1447 habiturn
826 1414 937 1457 stirps
964 1413 1156 1458 originalis
1182 1414 1337 1456 sterilis,
1372 1425 1393 1448 a
1423 1415 1636 1459 Bongardio

112 1486 161 1509 ex
179 1476 253 1509 Hb.
272 1475 554 1519 Petropolitano
581 1475 868 1515 communicata,
895 1473 990 1507 inter
1018 1474 1247 1518 „Lejeunias
1265 1474 1463 1518 perianthii
1491 1475 1636 1518 angulis

115 1538 152 1567 et
189 1533 354 1577 margine
399 1533 645 1577 asperrimis“
686 1534 868 1567 collocata
906 1538 984 1574 est3
1030 1533 1195 1567 innotuit
1234 1533 1432 1577 perianthii
1473 1534 1637 1569 conditio

114 1593 270 1627 iunioris
297 1594 445 1626 deinum
478 1599 674 1637 postquam
706 1594 844 1637 pagina
879 1592 977 1636 typis
1019 1592 1091 1625 iam
1128 1597 1284 1626 exarata
1319 1596 1399 1626 erat
1433 1597 1470 1626 et
1505 1593 1633 1626 fructi-

115 1652 298 1686 ficationis
325 1653 576 1687 characterem
605 1658 748 1686 tantum
775 1653 896 1686 textui
925 1652 1044 1685 reviso
1072 1651 1209 1685 addere
1230 1651 1377 1686 licebat.
1432 1652 1636 1696 Postquam

117 1717 239 1746 autem
256 1712 444 1756 perfectus
468 1713 666 1756 periantliii
686 1717 805 1746 status
832 1723 851 1745 e
870 1711 1172 1754 splendidissima
1193 1710 1403 1744 Liebmanii
1421 1711 1638 1746 collectione

115 1771 357 1813 innotuerat,
392 1772 597 1806 secundum
624 1771 922 1805 fructificationis
955 1770 1208 1803 characterem
1237 1770 1329 1803 haec
1355 1780 1471 1813 prope
1496 1770 1638 1815 Plo-ay-

114 1831 296 1866 micomam
323 1831 637 1865 Guilleminianam
663 1835 700 1865 et
727 1831 885 1865 llIackaz'i
909 1829 1130 1864 collocanda
1156 1833 1225 1871 est,
1256 1840 1481 1874 quamquam
1509 1830 1638 1864 habitu

116 1890 268 1924 recedit.

211 1961 266 1994 a*
311 1961 550 2005 Exemplaria
587 1960 983 2005 Sebastianopolitana
1017 1970 1037 1992 e
1080 1959 1156 1993 Hb.
1193 1958 1499 2002 Petropolitano,
1535 1970 1556 1992 a
1591 1961 1637 1994 cl.

115 2020 360 2054 Chamissone
386 2021 495 2063 lecta,
521 2031 680 2065 quorum
699 2020 855 2054 frustula
879 2019 1115 2062 Bongardius
1136 2018 1180 2052 ad
1198 2018 1453 2053 Lehmannum
1472 2018 1636 2060 miserat,

113 2081 234 2114 fructu
262 2081 427 2125 gaudent
455 2081 492 2115 in
519 2080 760 2122 dichotomia‚
790 2079 887 2114 foliis
914 2078 1207 2112 involucralibus
1233 2078 1507 2112 ovato-acutis
1533 2089 1633 2112 mar-

113 2139 199 2182 gine
227 2139 403 2182 repandis
429 2140 486 2174 vel
515 2138 906 2184 repando-dentatis,
935 2138 1059 2171 lobulo
1085 2137 1460 2179 ovato-lanceolam,
1489 2138 1633 2181 amplii-

116 2197 252 2241 gastrio
279 2198 497 2232 involucrali
525 2199 840 2240 ovato-oblongo
877 2199 983 2241 apice
1018 2196 1128 2230 bifido
1163 2196 1257 2230 lobis
1292 2195 1433 2239 acutis,
1469 2197 1637 2239 margine

116 2256 463 2300 repando-serrato
489 2259 565 2301 (vel
592 2258 774 2302 dentato).
827 2256 1083 2291 Perianthium
1119 2257 1198 2290 sine
1233 2256 1310 2289 ulla
1343 2255 1475 2298 crista,
1511 2256 1636 2290 iunius

115 2320 259 2349 tantum
286 2316 504 2359 pyriformi—
518 2327 784 2361 compressum.

210 2387 260 2428 R*
297 2387 466 2432 Lejezmz'a
491 2387 692 2434 complicata
719 2387 818 2430 Hpe.
846 2385 985 2428 gaudet
1012 2385 1107 2420 follis
1134 2385 1425 2420 involucralibus
1451 2385 1636 2420 similibus

116 2447 181 2482 sed
196 2446 515 2488 subintegerrimis
532 2453 568 2481 et
583 2446 848 2490 ampliigastrio
864 2445 1080 2480 involucrali
1102 2446 1219 2489 magis
1244 2450 1356 2479 ovato
1380 2446 1486 2490 apice
1512 2457 1632 2480 emar-

116 2507 394 2550 ginato-bilobo
421 2507 496 2550 (vel
523 2506 952 2550 emarginato-truncato
978 2510 1015 2539 et
1041 2510 1118 2539 tum
1146 2505 1506 2549 repando-crenato)
1535 2515 1632 2538 mar-

117 2567 201 2609 gine
235 2567 413 2610 repando,
473 2566 730 2600 Periantliium
767 2564 911 2608 (iunius
947 2569 1091 2599 tantum
1130 2564 1310 2608 vidimus)
1342 2565 1491 2598 omnino
1526 2564 1634 2608 quale

115 2625 154 2658 in
181 2625 295 2668 stirpe
321 2625 503 2669 originali.

213 2686 287 2726 eii*
329 2685 512 2728 Exempla
550 2682 757 2718 Mexicana
798 2682 962 2726 gaudent
997 2682 1206 2727 perianthio
1247 2682 1381 2716 iuniori
1419 2682 1630 2726 pyriformi-

115 2755 331 2788 compresso
358 2750 492 2778 exacte
527 2743 633 2777 utin
667 2744 717 2775 a*
753 2746 789 2776 et
826 2742 952 2776 adulto
986 2742 1158 2785 elongato
1194 2752 1408 2785 compresso
1443 2742 1524 2775 sine
1558 2742 1636 2776 ulla

118 2803 243 2845 crista,
271 2803 368 2837 foliis
386 2803 679 2838 involucralibus
706 2801 965 2837 ovato-acutis
982 2802 1341 2845 repando-serratis,
1360 2802 1485 2836 lobulo
1503 2807 1636 2836 ovato-

118 2863 339 2903 lanceolato,
367 2863 634 2907 amphigastrio
661 2862 879 2897 involucrali
906 2862 1223 2904 ovato-oblongo
1250 2860 1356 2904 apice
1381 2861 1632 2905 emarginato-

119 2921 311 2957 bidentato
358 2922 522 2966 margine
560 2923 904 2958 serrato-dentato
951 2921 1035 2965 (vel
1077 2921 1183 2965 apice
1223 2920 1633 2965 truncato-dentato).
