1824 3252
163 198 237 232 666
775 190 800 225 J
803 190 1089 234 ungermannia.

162 309 389 349 decoloratis,
421 305 573 341 ventrali
597 305 736 345 maiori,
762 303 896 339 dorsale·
920 305 1049 339 minori
1074 304 1148 338 basi
1173 304 1300 339 lacinia
1316 305 1518 351 denefin-mi
1532 305 1704 351 praedito,

162 371 305 418 reflexo,
339 365 602 413 amphiyastriis
634 363 761 405 nullis,
791 365 992 410 periantltio
1015 363 1157 409 oblonyo
1178 366 1386 410 prismatico
1410 363 1703 411 quadranyulari·

157 432 302 479 plicato,
327 440 385 463 ore
410 424 614 466 lucinulato‚
643 423 752 470 soliis
777 424 1049 459 involamulibus
1082 424 1275 459 maioribus
1299 426 1494 470 vayinatim
1517 424 1705 460 convolutis

160 489 391 526 denticulatis.

353 546 626 590 Jungermannia
663 544 913 588 leucocepbala
958 544 1093 591 Taylor
1121 544 1210 578 Nov.
1243 544 1337 591 Hep.
1372 545 1409 578 in
1434 544 1546 580 Lond.
1573 544 1702 580 Journ.

442 605 488 651 of
507 604 577 641 boe.
606 607 713 640 1846.
741 617 778 651 p.
804 608 890 641 252.
916 618 952 641 n.
983 608 1013 639 l.
1067 604 1188 639 Lehm.
1210 617 1296 651 puy.
1316 604 1370 651 pl.
1398 604 1511 639 V111.
1533 616 1574 650 1²·
1601 601 1640 638 8.

256 679 419 714 Habitat
445 678 482 712 in
511 678 711 712 arboribus
739 677 838 722 apud
857 677 1065 721 Cayambe‚
1093 677 1157 711 ubi
1186 677 1225 712 in
1253 676 1453 712 altitudine
1483 679 1600 712 14000
1618 676 1702 721 ped.

161 739 394 784 exemplaria
420 738 571 780 collegit
597 738 668 772 ccl.
697 737 759 771 W.
787 738 968 772 Jameson
996 749 1030 773 a.
1062 740 1170 773 1827.

257 799 383 834 Canles
409 799 703 842 semipollicares
730 800 786 832 vel
817 799 1015 843 pollicares
1043 798 1141 832 foliis
1169 797 1439 842 vaginantibus
1461 796 1702 838 robustiores,

160 871 274 907 quam
303 871 342 894 re
369 871 457 894 vera
487 864 594 897 sunt,
635 859 824 893 videntur.
884 858 991 892 Folia
1024 858 1122 893 ultra
1157 858 1319 892 medium
1355 858 1489 899 bifida,
1526 862 1700 891 saccato-

158 920 392 964 vagfflantia,
420 919 516 953 cauli
536 919 689 963 oblique
706 916 860 960 adn‘ata,
890 918 1027 952 lobulis
1049 917 1170 963 longis
1189 918 1449 952 canalIculalis
1470 918 1699 952 lanceolato-

158 980 385 1016 acutissimis
419 978 834 1024 patenti-squamosis.
887 978 1054 1012 Lobulus
1081 979 1240 1013 dorsalis
1267 978 1385 1012 minor
1420 977 1502 1012 basi
1537 978 1703 1012 lacinula

157 1040 371 1075 dentiformi
399 1039 544 1074 caulem
573 1040 805 1083 amplectens
839 1038 995 1084 eiusque
1032 1039 1269 1073 latitudinem
1304 1039 1495 1073 excedens
1530 1038 1566 1072 in
1604 1038 1701 1073 soliis

156 1100 414 1145 superioribus
442 1105 602 1140 erectus,
630 1099 665 1132 in
694 1098 937 1132 inferioribus
966 1098 1149 1140 rcssexus;
1178 1098 1358 1132 ventralis
1387 1098 1524 1139 maior,
1553 1098 1698 1132 canali-

157 1163 326 1202 culatus,
362 1160 513 1205 oblique
550 1160 585 1193 in
622 1159 730 1192 caule
760 1159 892 1192 affixus
926 1158 1086 1192 transitu
1123 1160 1159 1193 in
1187 1159 1373 1193 dorsalcm
1402 1159 1594 1193 sacculum
1623 1158 1699 1193 folii

158 1221 325 1254 basalem
348 1221 500 1259 forman
529 1230 658 1263 margo
678 1219 792 1252 lobnli
812 1219 992 1252 ventralis
1010 1219 1196 1253 interdum
1221 1219 1422 1264 repandus,
1449 1219 1507 1253 vel
1527 1219 1699 1260 reflexus,

159 1281 214 1315 vel
242 1281 369 1324 paullo
397 1280 615 1314 undulatus.
668 1280 776 1314 Folia
808 1281 1003 1323 superiora
1039 1280 1086 1314 ad
1125 1280 1276 1313 modum
1312 1280 1493 1314 ssoralium
1531 1279 1700 1322 margine

155 1341 277 1383 magis
306 1341 476 1374 minusve
514 1340 745 1373 denticulata
783 1340 1039 1374 inveniuntur.
1093 1341 1205 1374 Color
1233 1340 1360 1381 rusus,
1394 1339 1578 1373 interdum
1614 1350 1698 1373 curn

156 1410 264 1433 roseo
290 1400 444 1439 mixtus,
474 1400 601 1445 apices
626 1400 799 1433 foliorum
827 1399 1046 1433 decolorati.
1103 1400 1352 1433 Per-itmtlzinm
1379 1399 1698 1442 lineamlwgum,

155 1460 436 1504 prismaticum,
464 1460 803 1505 quadriplicaium,
833 1459 981 1503 angulis
1008 1459 1175 1500 obtusis,
1211 1459 1324 1493 sulcis
1352 1459 1582 1492 intermediis
1607 1469 1694 1502 pro-

156 1518 302 1561 fundis,
329 1520 656 1564 quadrangulare,
685 1520 792 1564 apice
819 1519 1044 1561 connivens,
1072 1530 1135 1554 ore
1163 1519 1385 1560 lacinulato,
1412 1519 1559 1553 laciniis
1587 1520 1699 1553 unica

155 1580 251 1614 serie
279 1581 500 1613 cellularum
529 1580 755 1621 exstructis5
796 1579 1045 1624 periantbium
1083 1591 1259 1624 suprcrna
1286 1585 1391 1624 parte
1418 1583 1552 1623 quarta
1579 1589 1699 1624 aeque

156 1649 200 1672 ac
227 1639 354 1672 infima
384 1639 600 1674 dealbatum
628 1641 747 1679 (unde
773 1640 971 1684 cl.Taylor
992 1650 1125 1673 nomen
1155 1639 1459 1686 „lem-ocepleaIae“
1487 1639 1699 1684 desumsit),

155 1697 387 1732 intermediis
414 1700 586 1744 partibus
615 1700 751 1741 rusum,
779 1700 899 1734 tribus
927 1700 1098 1734 foliorum
1126 1700 1282 1743 paribus
1309 1700 1498 1740 vestitum,
1525 1704 1562 1734 et
1581 1710 1699 1744 usquc

157 1757 203 1791 ad
244 1759 388 1802 apicem
425 1760 591 1793 albidum
631 1759 705 1794 fere
746 1760 974 1794 immersum.
1036 1759 1143 1793 Folia
1174 1759 1406 1794 imolam-alia
1445 1760 1550 1794 sinus
1594 1759 1693 1804 peri-

156 1818 275 1852 antbii
310 1820 507 1864 sequentia
535 1820 662 1864 paullo
690 1820 853 1861 maiora,
889 1820 982 1854 lobis
1019 1819 1392 1855 ovato-lanceolatis
1428 1819 1520 1862 (non
1549 1819 1601 1853 ita
1629 1830 1692 1853 su-

156 1877 297 1912 bul:1tis
325 1891 368 1913 ac
396 1881 574 1923 caulinis)
611 1880 781 1923 margine
810 1880 1288 1924 repando-denticulatis,
1332 1879 1584 1924 perianthlum
1619 1884 1694 1913 tam

156 1942 258 1973 arcte
284 1938 488 1982 cingentia,
515 1945 556 1972 ut
583 1939 809 1973 dissectione
838 1943 982 1973 tantum
1012 1940 1081 1973 rite
1108 1945 1397 1984 cognoscantur.

154 2040 191 2074 p.
219 2034 279 2065 80.
382 2034 425 2064 12
445 2042 477 2065 c.
515 2032 958 2077 Junyermamu‘a
985 2033 1311 2068 zezccostoma
1337 2032 1486 2076 Taylor.

249 2089 290 2124 J.
317 2089 416 2124 caule
440 2092 624 2138 caespitoso
650 2092 874 2126 adscendente
902 2104 1056 2132 ramoso,
1080 2092 1185 2139 foliis
1211 2091 1287 2125 Ian-e
1312 2091 1506 2126 imbricatis
1530 2099 1691 2126 arcuato-

147 2149 352 2195 patenthus
375 2152 534 2185 secundis
559 2152 878 2197 quadrato-oratis
903 2153 1060 2186 concavis
1086 2151 1215 2196 bifidis,
1240 2152 1420 2197 seqmentis
1444 2153 1556 2186 ovatis
1580 2153 1694 2186 acatis

153 2210 327 2251 incurvis,
364 2210 514 2244 ventrali
548 2212 678 2245 minori
712 2210 786 2245 basi
820 2212 1023 2254 uniciliato,
1052 2211 1254 2258 periantltio
1281 2210 1460 2246 terminali
1482 2211 1692 2247 subrotundo

150 2281 288 2304 sursum
306 2269 440 2317 plicato
466 2282 525 2304 ore
548 2270 664 2305 albiclo
688 2271 911 2307 denticulato.

343 2332 616 2375 Jungermaunia
654 2333 870 2365 leucostoma
912 2330 1019 2379 Tayl.
1054 2331 1145 2366 Nor.
1172 2331 1268 2378 Hep.
1301 2332 1338 2365 in
1365 2331 1477 2366 Lond.
1501 2330 1631 2366 Journ.
1654 2332 1699 2378 qs

431 2389 497 2425 bot.
529 2394 633 2426 1846.
656 2403 694 2437 p.
720 2394 806 2427 272.
835 2404 870 2426 n.
895 2396 932 2427 2.

247 2449 410 2484 Habitat
437 2450 476 2484 in
503 2450 668 2485 Peruvia
691 2451 774 2494 (W.
801 2450 982 2487 Jameson
1010 2452 1048 2486 in
1076 2452 1153 2486 Hb.
1183 2452 1289 2495 Hk.).

247 2509 448 2554 Cacspites
475 2510 565 2552 laxi,
595 2510 936 2556 fusco-purpurei.
990 2511 1140 2546 Surculi
1168 2511 1386 2557 pollicares‚
1413 2510 1552 2545 fertiles
1580 2511 1687 2556 apice

148 2566 363 2603 incrassati.
415 2569 526 2604 Folia
552 2569 782 2605 involem-alia
808 2575 832 2605 2
853 2576 918 2606 aut
933 2575 970 2614 3,
997 2571 1157 2606 caulinis
1179 2571 1325 2613 latiora,
1353 2575 1491 2613 erecta,
1518 2572 1687 2616 margine

147 2627 317 2662 interiori
345 2630 539 2663 undulata.
591 2630 846 2665 Periantlaimn
873 2631 949 2665 fere
976 2631 1190 2673 rotundum,
1217 2631 1406 2665 obtusum.

243 2686 358 2731 Juny.
385 2686 641 2734 leucoeeplzalae
668 2690 879 2733 simillima,
907 2691 973 2725 sed
1001 2692 1150 2735 caules,
1177 2690 1268 2725 folia
1293 2695 1329 2724 et
1354 2689 1567 2735 perianthia
1595 2692 1684 2727 bre-

148 2745 250 2781 viora
278 2751 315 2781 et
341 2748 526 2783 crassiora
555 2754 654 2783 suut.
707 2751 862 2794 (Taylor
887 2751 912 2785 1.
937 2752 988 2797 c.)

145 2848 182 2882 p.
211 2841 270 2873 81.
359 2843 402 2875 13
422 2841 458 2875 b.
496 2842 936 2889 Junyermannv‘a
959 2842 1302 2887 lampio-alata
1329 2842 1564 2887 Hook.jr.et
1576 2843 1680 2887 Tayl.

241 2898 282 2934 J.
321 2900 417 2934 caule
455 2903 677 2937 adscendente
714 2902 930 2950 subsimplici
967 2904 1065 2948 apice
1099 2903 1242 2937 incurvo
1279 2902 1544 2947 subcaespitoso,
1575 2901 1682 2946 foliis

144 2956 340 2994 imbricatis
367 2962 668 3008 patenti-deflexis
699 2964 855 2998 secundis
891 2963 1046 2998 concavis
1082 2975 1099 2995 e
1131 2954 1205 2997 basi
1239 2961 1315 2997 lata
1351 2961 1427 2996 laxe
1463 2959 1680 3008 amplexante
