1824 3252
196 216 265 247 476
880 210 1031 254 nlyttia.

566 328 600 358 3.
652 324 864 370 Blyttc'a
892 325 1133 368 crispata
1162 324 1207 359 N.
1237 325 1282 358 ab
1312 325 1353 359 E.

293 397 354 431 ΒΖ.
369 397 503 442 fronde
527 394 636 429 sessili
662 394 788 429 lineari
813 395 968 440 elonyata
994 397 1336 430 divttrz'cato-ramosa
1352 396 1543 430 dichotoma
1557 398 1719 442 repanda,

197 456 412 502 maryz'nibus
451 454 628 488 undulatis
675 455 832 500 apiceque
865 455 1230 500 involuto·crispatis,
1278 455 1447 489 involucri
1482 456 1721 502 cyathisormis

196 514 302 548 lobuti
328 514 411 547 lobis
436 513 582 546 viliam·
597 512 731 547 laceris.

388 574 588 616 Diplolaena
618 574 759 616 crispata
795 572 911 606 Illonc.
950 573 1071 620 Crypt.
1108 572 1248 618 Neelylz.
1284 576 1320 609 in
1349 575 1444 609 Anu.
1479 574 1536 607 des
1570 586 1614 607 sc.
1646 581 1718 607 nat.

471 622 505 654 2.
533 618 612 653 Ser.
638 619 764 653 Juillet
795 623 897 656 1842,
920 634 958 667 p.
990 625 1043 655 16.
1072 634 1107 655 n.
1134 625 1193 656 95.

292 679 450 713 Habitat
484 678 520 712 in
559 678 841 722 NeelgherrieS,
886 682 932 714 ad
969 685 1103 714 terram
1144 680 1181 713 in
1219 680 1396 715 montosis
1439 679 1644 723 (Perrottet
1681 679 1716 712 in

198 742 272 776 Hb.
302 742 353 775 M.
382 747 417 775 et
447 741 523 785 N.).

293 801 387 835 Poll.
408 803 417 834 Ι
437 821 451 826 -
467 804 490 834 2
511 801 624 844 longa
651 805 720 843 est,
748 801 865 834 densa
888 804 1006 833 strata
1029 800 1204 835 formans.
1240 801 1352 835 Cozta
1383 801 1505 836 media
1530 801 1720 838 distincta,

194 862 320 902 l'usca;
358 860 486 904 apices
513 859 747 903 emarginafi,
775 859 873 893 unde
902 871 1018 894 novae
1044 860 1213 894 oriuntur
1239 860 1498 896 innovationes
1525 870 1608 893 cum
1636 860 1719 893 sinu

192 922 434 962 confluentes,
471 920 567 954 aliae
594 931 613 954 e
650 925 779 953 ventre
807 924 934 954 costae
961 920 1201 964 proveniunt.
1256 920 1445 955 Involucra
1480 924 1602 954 aetate
1630 930 1715 962 pro—

197 980 363 1014 vectiora
402 979 663 1021 canescentia,
705 979 1000 1014 subint-rassata.
1052 980 1202 1014 Pistilla
1229 984 1290 1015 ⁶20.
1339 979 1714 1014 Periantlciumlin.1

195 1042 357 1084 longum,
384 1039 600 1081 oblongum,
628 1039 865 1073 herbaceum.
907 1039 1084 1073 Fructum
1113 1051 1186 1074 non
1206 1041 1295 1076 vidi.

289 1099 477 1133 Iuveniles
505 1098 643 1133 surculi
671 1109 887 1142 processum
913 1099 1074 1132 subinde
1101 1086 1330 1134 radicantem
1357 1099 1646 1133 stoloniformem
1672 1109 1717 1131 ex

194 1160 299 1204 apice
335 1159 504 1202 gignunt.
557 1158 814 1204 Inflorescentz'a
853 1157 1047 1192 masculina
1079 1158 1116 1191 in
1149 1158 1327 1192 distincto
1359 1157 1564 1192 individuo.
1615 1156 1720 1191 Folia

187 1217 420 1264 pet-iyonialia
454 1218 589 1259 multa,
628 1217 848 1256 imbricata,
885 1217 1201 1256 semicircularia,
1246 1218 1491 1258 subdentata,
1530 1216 1717 1250 biseriata.

195 1278 353 1312 Anthera
379 1278 449 1311 sul)
477 1277 623 1319 singulo
650 1277 774 1311 foliolo
801 1277 961 1317 singula,
988 1287 1129 1315 crassa,
1157 1276 1255 1316 alba,
1283 1277 1470 1310 filamento
1490 1274 1717 1308 brevissimo.

289 1338 477 1382 Perquam
501 1336 633 1370 similis
657 1335 818 1382 Blgsttiae
845 1335 985 1381 Lyelm,
1013 1346 1090 1369 var.
1118 1350 1152 1377 a,
1182 1336 1304 1370 differt
1331 1336 1460 1369 fronde
1487 1335 1718 1368 fuscescentc

193 1396 402 1431 evidentius
451 1395 747 1440 profundiusque
801 1394 946 1428 sinuata
998 1395 1310 1439 divaricatimque
1358 1405 1523 1433 ramosa.
1576 1393 1716 1426 ambitu

192 1456 410 1491 tenuissimo
441 1455 539 1490 varie
567 1456 664 1488 flexo
692 1461 728 1488 et
755 1454 1036 1496 circumvoluto,
1065 1455 1256 1489 involucro
1277 1454 1511 1497 monophyllo
1538 1464 1600 1487 ore
1620 1453 1716 1486 haud

189 1508 239 1549 ad
268 1516 428 1550 medium
449 1526 567 1559 usque
588 1514 720 1553 diviso,
747 1513 957 1557 periantliio
981 1514 1194 1557 longissimo
1215 1514 1419 1558 cylindrico
1446 1513 1574 1547 striato
1600 1512 1716 1545 fusco.

191 1575 414 1618 (Montagne
443 1573 464 1607 l.
493 1574 557 1618 c.).

561 1661 595 1692 4.
646 1657 860 1704 Blyttia
884 1658 1165 1702 wiphoz‘des
1191 1656 1341 1700 Taylor.

288 1727 351 1762 ΒΖ.
372 1727 506 1772 fronde
537 1728 688 1774 implexa
714 1728 957 1775 procumbente
990 1730 1181 1763 (lic-holonia
1213 1728 1374 1762 uninervi
1406 1726 1716 1770 Iiraeeari-anyusta

191 1788 345 1832 maryt‘ne
369 1789 525 1829 dentata,
552 1788 728 1823 involucro
754 1788 994 1835 cumpamtlato
1018 1789 1266 1835 multipartiw.

383 1849 584 1891 Diplolaena
622 1850 935 1892 (Jungermannia)
972 1850 1152 1893 xipboides
1189 1847 1320 1894 Taylor
1352 1852 1462 1893 crypt.
1496 1850 1646 1878 amaret.
1680 1844 1715 1875 in

466 1907 576 1940 Loml.
605 1907 733 1941 Journ.
760 1906 804 1945 of
823 1907 888 1941 bot.
922 1910 1026 1942 1844.
1055 1908 1143 1942 Noc.
1167 1919 1203 1952 p.
1230 1910 1312 1949 569.
1338 1919 1372 1940 η.
1399 1908 1457 1940 37.

286 1964 446 1998 Habitat
473 1965 509 1998 in
541 1965 648 1999 Nova
676 1965 880 1999 Zeelandia
907 1966 1080 2007 (Hooker
1106 1966 1143 1999 in
1174 1966 1249 1999 Hb.
1276 1965 1412 2008 Taylor
1439 1968 1475 1997 et
1500 1964 1651 2007 propr.).

286 2022 458 2069 Caespites
483 2023 569 2058 laxe
596 2024 763 2058 contexti
792 2024 932 2068 aliquot
959 2025 1136 2068 pollicum
1159 2025 1354 2065 diametro,
1382 2024 1524 2057 intense
1543 2021 1712 2056 olivacei.

190 2082 307 2115 Frons
333 2082 480 2125 singula
509 2083 758 2127 bipollicaris‚
786 2094 899 2128 saepe
926 2084 1109 2128 simplex,
1136 2083 1298 2117 subinde
1324 2082 1547 2116 dichotoma.
1599 2081 1711 2115 Costa

189 2142 331 2176 frondis
358 2142 483 2177 media
508 2147 565 2176 est
590 2154 722 2187 opaca,
754 2143 820 2177 sed
847 2143 883 2176 in
912 2151 1068 2188 utroque
1096 2144 1212 2177 latere
1238 2147 1364 2176 costae
1391 2141 1547 2175 celiniae
1573 2140 1713 2174 frondis

194 2201 391 2244 elongatae
418 2206 455 2235 et
482 2206 586 2236 arcte
613 2202 836 2236 coniunctae
863 2203 996 2237 coloris
1024 2202 1154 2236 viridis
1181 2207 1359 2247 tanquam
1393 2210 1546 2234 nervum
1580 2210 1710 2233 acces—

188 2260 327 2294 sorium
354 2262 498 2296 efficere
524 2262 716 2303 videntum
752 2273 838 2306 pars
874 2263 1014 2307 reliqua
1050 2261 1189 2295 frondis
1224 2261 1310 2294 laxe
1344 2260 1542 2294 cellulosa:
1582 2260 1712 2294 dentes

188 2319 367 2363 marginis
406 2320 594 2363 distincti,
635 2321 720 2361 lati,
759 2321 917 2356 incurvi.
982 2321 1205 2355 Inuallem-um
1247 2320 1282 2354 in
1323 2320 1516 2354 frondibus
1559 2319 1712 2353 furcatis

186 2379 302 2414 oritur
328 2380 375 2414 ad
402 2380 665 2415 dichotomiam
694 2385 833 2422 costae,
860 2381 897 2414 in
926 2380 1122 2415 frondibus
1149 2379 1383 2424 simplicibus
1411 2389 1457 2412 ex
1488 2378 1568 2411 eius
1603 2378 1711 2411 dorso

186 2439 352 2482 integrm
387 2444 536 2474 constat
567 2439 734 2484 quinque
771 2444 836 2474 aut
872 2451 941 2474 sex
970 2440 1114 2484 laciniis
1143 2438 1321 2477 dentatis,
1357 2448 1454 2482 quae
1490 2437 1711 2470 coniunctae

186 2500 360 2542 cupulam
388 2499 550 2533 formant
571 2499 886 2543 campanulatarn‚
913 2501 950 2534 in
977 2500 1084 2534 cuius
1104 2499 1230 2540 fundo,
1257 2502 1355 2532 statu
1378 2498 1544 2535 florente,
1571 2495 1709 2539 pistilla

186 2557 328 2602 aliquot
354 2558 509 2593 linearia
536 2562 709 2592 truncata
736 2569 857 2602 opaca
883 2559 1176 2604 conspiciuntur.

283 2618 418 2652 Differt
453 2629 475 2652 a
501 2617 644 2664 Blyttia
679 2617 808 2664 Lyellii
841 2630 917 2653 var,
952 2630 977 2658 ’γ
1013 2617 1209 2652 Hibernica
1243 2616 1371 2650 fronde
1407 2614 1514 2648 valde
1550 2620 1710 2657 augusta

186 2676 341 2710 dentata
355 2680 392 2710 et
410 2688 523 2712 nervo
541 2681 720 2721 tanquam
737 2677 877 2721 duplici
895 2678 1010 2712 altero
1032 2678 1186 2711 alterum
1211 2675 1429 2710 includente
1445 2675 1593 2718 (Taylor
1609 2675 1630 2708 l.
1647 2677 1708 2719 c.).

498 2760 511 2791 2
535 2761 571 2793 5.
622 2758 836 2804 Blyttia
861 2759 1234 2793 cladorlzizans
1259 2757 1407 2800 Taylor.

284 2828 344 2863 ΒΖ.
370 2829 503 2875 fronde
533 2828 678 2875 implexa
707 2836 889 2876 prostrata
922 2828 1071 2875 simplici
1106 2829 1152 2862 ad
1184 2829 1314 2874 apicem
1350 2828 1527 2862 radicante
1559 2826 1703 2860 lineari-

185 2890 384 2923 acumz'nata,
434 2890 592 2934 mar-(line
645 2889 815 2923 undulata
864 2889 1085 2933 inteyerrima
1132 2900 1231 2921 nervo
1260 2895 1492 2934 percurrente,
1533 2886 1708 2920 involucro

186 2946 318 2991 duplici
367 2947 513 2983 breviter
557 2961 730 2994 squamoso
796 2948 970 2994 (squamis
1019 2948 1241 2982 crurum-'ibus
1291 2948 1437 2982 dentatis
1489 2945 1708 2980 interioribus
