1824 3252
161 171 235 207 272
802 158 1045 194 Madotheca.

163 282 275 320 lobulo
306 279 451 326 liyulato
483 281 629 321 anqusto
653 272 795 321 falcato
827 272 1052 317 integerrimo
1077 270 1189 307 basive
1206 284 1315 319 parce
1339 272 1421 307 hinc
1445 273 1587 317 viliam,
1620 286 1696 309 am-

157 341 368 392 phiyasgrfis
393 333 700 383 linyuaquvnibus
726 332 854 366 obtusis
880 330 954 365 basi
977 332 1140 377 utrinque
1164 331 1472 368 ciliaco-dentatis.

355 410 564 444 Madotbeca
588 407 798 440 Swartziana
827 403 988 438 Gottsclaee
1013 403 1113 440 Icon.
1140 404 1272 451 Hepat.
1298 407 1419 441 incdit.

354 480 625 523 Jungermannia
651 478 860 510 Swauziana
902 475 996 509 Web.
1024 476 1156 511 Prodr.
1192 488 1228 522 p.
1258 480 1315 512 18.
1341 489 1376 511 n.
1404 481 1440 512 4.
1490 476 1574 523 Spr.
1601 476 1695 525 Syst.

449 539 528 584 Vey.
557 537 627 572 IV.
658 540 690 570 l.
711 549 750 584 p.
780 540 864 571 219.
891 548 927 571 n.
954 538 1014 571 27.

247 626 282 669 β,
310 626 415 657 ramis
444 624 628 665 elongatis,
666 622 755 654 foliis
782 620 998 654 brevioribus
1027 620 1070 653 ad
1097 622 1231 664 apicem
1258 621 1367 663 magis
1395 621 1578 663 angustatis
1605 631 1697 653 non-

307 685 409 717 nullis
437 684 660 722 acuminatis,
695 683 767 714 aliis
795 681 1138 725 repando—truncatis
1173 682 1328 723 margine
1358 679 1487 712 dorsali
1513 680 1699 713 subundu—

306 748 393 785 latis,
419 743 560 776 ventrali
588 743 698 785 magis
726 742 858 774 inflexis
886 742 982 785 apice
1010 741 1145 773 reflexis
1180 740 1602 783 emarginato-bifidisve.

261 827 426 864 Habitat
452 840 474 860 οι
512 827 549 861 in
578 827 706 861 Insula
734 826 907 861 Jamaica
939 826 1105 869 (Swartz
1140 825 1176 859 in
1207 825 1283 859 Hb.
1311 824 1425 859 Web.
1453 828 1490 858 et
1516 824 1592 858 Hb.
1619 824 1699 870 L.);

164 892 185 931 β
210 888 249 924 in
277 899 392 933 regno
420 887 626 922 Mexicano
652 898 769 932 prope
795 887 987 931 Xalapam
1014 886 1104 930 legit
1131 886 1266 930 Deppe
1291 885 1387 929 (Hb.
1415 885 1455 920 L.
1483 890 1520 920 et
1546 885 1644 929 Lg.).

413 1019 435 1064 †
483 1022 536 1055 18.
587 1020 910 1055 Madotlieca
934 1017 1214 1065 Poeppiyii
1241 1017 1288 1051 N.
1318 1017 1366 1050 ab
1394 1017 1436 1050 E.

259 1093 318 1127 M.
346 1090 442 1126 caule
468 1090 875 1137 sztbpinvatim-ramoso,
891 1091 999 1137 soliis
1023 1087 1360 1124 subhorizontalibus
1380 1087 1582 1134 patentibus
1604 1100 1700 1122 mar-

160 1155 242 1199 yine
283 1155 400 1187 antico
441 1152 614 1198 repanda,
657 1151 919 1198 amphiyastriis
952 1149 1139 1195 Iobulz'sque
1169 1148 1345 1195 foliormn
1383 1147 1536 1193 oblonyz‘s
1573 1147 1702 1183 obtusis

163 1213 239 1247 basi
271 1211 414 1246 cile’atis.

260 1295 422 1329 Habitat
448 1295 485 1328 in
515 1294 624 1329 Chili.
678 1294 756 1329 Hb.
784 1294 829 1328 cl.
858 1292 1030 1327 Funckii.

264 1366 394 1401 Caulis
433 1367 701 1410 procumbens,
753 1376 826 1399 non
863 1366 1122 1407 radiculosus,
1147 1365 1359 1408 biunciafis,
1391 1366 1531 1400 fuscus.
1596 1365 1703 1399 Folia

165 1424 381 1466 imbricata,
416 1425 611 1460 dimidiato
629 1429 783 1466 -ovata‚
817 1426 964 1469 obtusa,
992 1426 1159 1470 margine
1188 1425 1326 1460 dorsali
1354 1431 1509 1460 arcuato
1537 1426 1702 1471 repando

165 1486 251 1520 hinc
278 1486 365 1521 inde
391 1486 639 1527 subdentem,
676 1485 834 1525 ventrali
870 1490 969 1520 recto
1003 1487 1161 1528 reflexo,
1188 1486 1314 1520 lobulo
1341 1486 1562 1520 lanceolam.
1610 1486 1700 1519 Am-

161 1546 359 1593 plziyastria
388 1546 522 1580 lobulis
548 1546 697 1587 latiora,
726 1545 910 1589 repanda,
947 1546 1083 1580 obtusa
1118 1550 1182 1579 aut
1221 1545 1488 1587 subtruncata‚
1527 1544 1608 1579 basi
1642 1545 1698 1578 ci-

163 1606 262 1641 liolis
290 1606 477 1641 nonnullis
503 1605 689 1649 praedita.
744 1605 853 1639 Retis
881 1605 1029 1639 areolae
1057 1605 1094 1638 in
1121 1604 1219 1639 foliis
1246 1615 1405 1648 parvae,
1433 1604 1702 1645 subrotundae,

165 1665 346 1700 limitibus
393 1664 656 1699 crassiusculis
707 1664 916 1707 contiguis;
969 1664 1104 1699 baseos
1162 1664 1311 1698 areolae
1360 1664 1474 1708 duplo
1529 1663 1702 1699 maiores.

164 1725 446 1770 Amphigastria
472 1725 598 1759 laxius
627 1724 835 1759 reticulata.

331 1860 386 1892 19,
437 1856 763 1891 Madotheca
788 1855 1321 1900 Madaya-ecamensis
1349 1854 1395 1888 N.
1424 1858 1460 1889 et
1487 1853 1541 1887 M.

261 1929 319 1963 M.
355 1928 452 1962 caule
480 1927 723 1973 procumbente
763 1926 1013 1971 ἰννεῃιιῖανίεεν
1048 1926 1444 1970 ramoso-decomposito
1481 1924 1700 1970 subpimmto,

152 1988 260 2035 soliis
292 1986 486 2021 imbricatis
513 1986 634 2032 planis
676 1987 786 2019 oratis
819 1985 946 2018 obtusis
982 1986 1077 2030 apice
1108 1984 1355 2029 subrepandis‚
1398 1983 1519 2017 lohulis
1552 1984 1703 2029 ohlonyz's

165 2048 493 2094 amphiyastriisqne
517 2047 806 2080 cordato-evacis
838 2044 968 2078 obtusis
1001 2042 1260 2077 decurrentibus
1287 2042 1408 2089 planis
1444 2038 1703 2089 repandisbasi

163 2109 324 2154 apiceque
347 2105 799 2153 spinuloso-denticulatis,
822 2104 953 2150 fructu
980 2129 988 2138 .
1018 2128 1026 2137 .
1054 2127 1065 2137 .

356 2179 522 2220 Lejeunia
568 2178 897 2220 Madagascariensis
960 2175 1009 2209 N.
1051 2179 1083 2208 et
1119 2173 1176 2207 M.
1226 2174 1262 2207 in
1302 2174 1398 2207 Arm.
1448 2175 1503 2207 des
1541 2185 1586 2208 sc.
1625 2179 1699 2208 nat.

447 2241 551 2272 1836.
583 2249 622 2283 p.
650 2240 685 2271 6.

259 2320 422 2356 Habitat
447 2321 484 2355 in
510 2320 766 2364 Madagascar
790 2318 914 2354 insula
940 2327 1049 2352 secus
1075 2317 1214 2352 rivulos
1249 2316 1420 2361 (Goudot
1446 2317 1482 2351 in
1512 2317 1587 2351 Hb.
1615 2317 1699 2364 M.).

262 2391 321 2425 Ex
353 2393 525 2426 affinibus
553 2392 621 2427 soli
648 2391 872 2425 Maclotlzeeae
896 2390 1139 2424 ›S'wartzianae
1174 2389 1427 2431 coniunctior3
1468 2389 1526 2423 cui
1555 2388 1702 2423 accedit

164 2450 290 2485 lobu‘lo
319 2452 671 2497 ampliigastriisquc
699 2450 875 2492 dentatis,
904 2451 968 2484 sed
998 2450 1146 2484 differre
1173 2450 1343 2484 videtur:
1370 2449 1467 2484 foliis
1494 2448 1701 2483 minoribus

164 2503 398 2546 brevioribus
426 2512 550 2546 minus
578 2511 796 2553 dimidiatis,
824 2522 946 2555 neque
974 2510 1140 2554 margine
1167 2509 1313 2554 postico
1340 2508 1517 2548 recurvis,
1545 2507 1698 2542 omnino

164 2571 288 2615 planis
314 2571 503 2616 depressis
531 2571 638 2616 apice
665 2570 790 2615 potius
818 2570 1137 2605 adscendentibus
1167 2579 1279 2613 quam
1307 2568 1499 2608 decurvis,
1534 2568 1600 2601 reti
1630 2578 1700 2601 an-

164 2630 330 2673 gustiore
358 2631 578 2677 cellulisque
606 2630 893 2665 intercalaribus
929 2630 1030 2664 haud
1068 2627 1279 2669 distinctis,
1310 2626 1445 2661 lobulis
1479 2631 1516 2660 et
1549 2626 1695 2671 amphi-

166 2689 320 2732 gastriis
348 2691 629 2734 angustioribus
656 2691 801 2725 caulem
830 2690 974 2724 inferne
1000 2688 1103 2723 haud
1138 2686 1360 2722 imbricatim
1388 2685 1601 2729 tegentibus
1632 2686 1699 2720 sed

167 2749 630 2792 plano-incumbentibus,
658 2750 795 2785 lobulis
821 2748 1068 2783 acutiusculis
1087 2747 1279 2782 evidenter
1303 2746 1479 2790 repandis
1510 2751 1547 2781 et
1566 2746 1700 2780 obtuse

165 2807 353 2852 dentatis,
391 2810 475 2844 basi
510 2810 665 2845 cordata
698 2809 873 2855 utrinque
909 2808 1195 2843 decurrentibus
1226 2807 1441 2851 ibidemque
1467 2803 1698 2839 acutiuscule

165 2866 407 2903 denticulatis
449 2870 560 2906 sicuti
600 2874 638 2905 et
676 2868 806 2915 apice,
861 2868 924 2904 ubi
969 2872 1071 2903 recta
1110 2867 1187 2902 sere
1238 2870 1410 2902 truncata
1457 2863 1700 2901 inveniuntur

166 2928 449 2974 amphigastria.
