1824 3252
756 208 847 243 Mad
852 209 996 244 otheca.
1568 214 1640 246 273

417 328 477 360 20.
527 325 849 360 Maaotheca
869 322 1157 360 mexicana
1183 321 1345 366 Hampe.

211 386 269 421 M.
311 384 407 419 caule
438 378 680 431 procumbente
721 383 899 429 bipinnato
935 380 1081 416 ramulis
1118 380 1312 427 subtrificlis
1355 381 1449 428 apice
1490 384 1641 418 recurvis

114 446 259 489 obtusis,
283 446 390 493 foliis
423 445 619 479 imbricatis
652 443 782 489 oblique
814 439 1212 477 ovato-suborbiculatis
1250 439 1376 475 obtusis
1408 442 1641 486 intepet-vimis

113 507 272 551 maryine
297 506 428 551 postico
458 504 643 545 undulato,
676 502 797 537 lobulis
822 501 1193 547 oblonyo-lanceolatis
1216 501 1441 535 acutiusculis
1465 503 1640 537 canalicu-

115 565 216 606 latis,
250 565 510 611 amplziyastrz'is
542 563 784 608 subquadratc's
818 563 973 607 maryine
1007 573 1127 607 supero
1159 562 1381 606 inteyerre'mo
1411 561 1537 606 roefleoeo
1569 560 1642 594 basi

116 625 212 670 Iovzye
237 623 497 658 decurrentibus
521 623 804 668 sinuato-crispis
828 628 1042 666 eaetremoque
1067 620 1425 663 castarum-dentatis,
1439 621 1570 666 fructu
1585 645 1594 655 .
1611 644 1639 654 ..

212 685 256 718 In
283 684 439 728 imperio
467 683 671 716 Mexicano
697 682 784 723 (leg.
812 682 855 715 E.
885 681 1001 724 Regel
1030 680 1104 714 Hb.
1133 680 1239 725 Hp.).

213 743 325 784 Quod
359 743 406 776 ad
432 743 650 786 adspectum
684 741 722 774 in
757 741 971 774 universum
1008 739 1138 774 similis
1180 745 1236 773 est
1268 740 1495 774 IlIadotltecae
1519 739 1639 786 platy-

112 802 268 849 phyllae,
304 803 367 837 sed
402 802 525 847 quoad
553 801 788 834 characteres
816 799 1041 832 Madotlteeae
1065 798 1267 832 subciliatae
1294 799 1334 832 L.
1362 804 1399 832 et
1427 798 1491 841 Lg.
1518 803 1556 833 et
1582 799 1639 833 M.

115 862 313 896 uacieulari
337 860 590 905 propinquior.
643 859 778 893 Differ-t
805 859 851 892 ab
880 859 980 892 hisce
1007 858 1175 902 inprimis
1204 857 1503 902 ampliigastriis‚
1529 868 1639 902 quae,

114 933 181 965 per
216 932 256 954 se
296 920 446 964 quidem
487 918 788 962 subquadratae,
831 917 1114 959 integerrimae,
1150 916 1382 959 marginibus
1420 916 1640 960 praesertim

115 991 250 1023 supero
283 979 450 1019 reflexis,
488 978 600 1020 longo
634 982 753 1010 tractu
792 976 829 1009 in
866 977 972 1009 caule
1007 975 1209 1009 decurrunt
1245 976 1415 1019 alantque
1450 977 1639 1010 sinuatam

113 1039 352 1080 undulatam,
390 1037 454 1070 ubi
486 1036 625 1070 desinit
651 1036 798 1070 (lentem
827 1046 942 1068 unum
970 1036 1172 1069 alterumve
1201 1035 1415 1068 subulatum
1442 1045 1639 1068 recurvum

113 1097 341 1131 emittentem
368 1097 538 1131 formant.
590 1096 735 1130 Folium
762 1099 891 1129 contra
919 1095 1135 1139 neutiquam
1170 1094 1335 1127 decurrit
1369 1095 1434 1128 sed
1471 1095 1638 1138 margine

112 1157 258 1200 postico
300 1157 456 1190 dilatato
501 1156 714 1199 nudatoque
764 1154 861 1188 cauli
910 1154 1093 1188 accedens
1142 1154 1178 1187 in
1223 1154 1388 1188 lobulum
1432 1154 1638 1187 ventralem

112 1216 313 1249 reflectitur
338 1216 604 1259 amphigastrio
628 1215 832 1249 breviorem
856 1213 1517 1256 dimidiato·oblongo-lanceolatum
1543 1224 1635 1247 acu-

112 1275 312 1309 tiusculum
352 1276 632 1319 integerrimum
671 1274 913 1318 margineque
947 1273 1122 1307 exteriori
1151 1272 1639 1314 reflexo-canaliculatum,

112 1334 336 1378 quandoque
376 1334 485 1369 dente
534 1346 607 1369 uno
650 1336 812 1369 alterove
855 1338 1003 1367 setaceo
1041 1333 1264 1377 praeditum.
1338 1333 1467 1367 Cauiis
1510 1332 1639 1366 fuscus

114 1396 225 1434 lag-2
251 1394 336 1438 poll.
364 1394 506 1437 longus.
558 1395 662 1428 Folia
692 1393 821 1428 viridia
850 1393 987 1427 mollia.
1035 1393 1143 1428 Retis
1169 1394 1339 1428 maculae
1365 1403 1517 1437 parvae,
1544 1392 1634 1426 sub-

111 1451 353 1496 orbiculares,
380 1453 543 1496 inflatae,
572 1455 782 1498 contiguae.

391 1538 449 1569 21.
499 1536 820 1570 Maelotheea
845 1536 1088 1570 revoluta
1114 1534 1155 1567 L.
1182 1538 1218 1568 et
1244 1533 1363 1577 Ldbg.

209 1595 265 1627 M.
293 1594 389 1628 caule
418 1594 589 1628 saberet-to
611 1596 788 1640 pinnatim
814 1595 1035 1639 decomposita
1063 1594 1171 1626 ramis
1203 1594 1299 1638 apice
1334 1592 1356 1635 (
1358 1593 1513 1626 siccitate
1530 1605 1636 1638 prue-

112 1655 258 1698 sertim)
292 1654 660 1700 defleto-convolutis,
691 1653 798 1698 folz'is
831 1652 1088 1686 subimbricatis
1123 1652 1255 1697 oblique
1286 1655 1395 1686 oratis
1426 1654 1638 1687 acmninatis

110 1712 332 1757 apiculatz'sce
355 1715 450 1759 apice
475 1714 647 1747 ‘interdum
681 1714 718 1746 ἱη
750 1714 888 1746 dorsum
915 1713 1048 1758 reflatis
1075 1712 1248 1757 lohuloque
1266 1724 1378 1757 part-o
1404 1711 1550 1756 Iiyulato
1576 1714 1633 1745 in-

111 1773 323 1816 teyerrimis,
362 1774 620 1818 amphiyastriis
655 1773 922 1817 oblongo—ovatis
959 1780 991 1806 et
1022 1772 1242 1806 subrotnmlt's
1281 1771 1353 1806 basi
1378 1770 1638 1805 decurrentibus

109 1833 265 1876 ‘'aaryine
291 1832 430 1878 reflexis
451 1833 616 1877 plani-sve,
632 1833 764 1877 frwoecu
791 1858 798 1866 .
828 1857 836 1865 .

299 1892 506 1924 Madotheca
532 1894 683 1924 revoluta
713 1891 875 1925 Gottselae
901 1891 996 1924 Icon.
1024 1891 1154 1936 Hepat.
1178 1891 1298 1924 incdit.

299 1952 568 1993 Jungermannia
595 1952 747 1983 revoluta
774 1951 894 1984 Lellm.
922 1963 996 1985 nov.
1024 1958 1056 1984 et
1081 1952 1162 1984 min.
1191 1952 1315 1995 cofflu't.
1341 1951 1442 1996 stirp.
1460 1950 1635 1995 Puffilv.

388 2001 490 2032 1832.
511 2010 549 2043 p.
582 2001 637 2032 ιε.

299 2059 567 2100 Jungermannia
595 2067 720 2090 costata
752 2057 852 2104 Tayl.
882 2058 953 2091 Ms.
982 2060 1019 2092 ἰη
1045 2058 1155 2091 Herb.
1186 2058 1339 2092 (iret-ille
1363 2065 1394 2092 et
1411 2058 1585 2093 Gotesclze.

203 2116 364 2150 Habitat
389 2117 427 2150 in
457 2117 630 2161 Nepalia.

203 2176 332 2210 Caulis
358 2176 704 2220 quadripollicaris,
731 2182 876 2212 erectus
903 2178 960 2212 vel
988 2178 1257 2222 procumbens,
1294 2177 1456 2219 rigidus,
1494 2177 1635 2221 fuscus,

106 2237 291 2281 pinnatim
329 2248 497 2271 ramosus
533 2249 692 2282 superne
728 2238 963 2281 bipinnatus;
999 2237 1132 2270 ramuli
1168 2236 1387 2281 praesertim
1423 2236 1635 2280 superiores

107 2295 305 2329 recurvati.
356 2295 463 2328 Folia
495 2295 710 2338 imbricata,
750 2296 1058 2339 seniiverticalia,
1086 2297 1235 2341 oblique
1262 2301 1391 2337 ovata,
1420 2297 1637 2331 acuminata

106 2355 165 2390 vel
193 2355 340 2396 obtusa,
370 2355 572 2398 apiculam,
598 2355 850 2400 integerrima,
878 2356 999 2390 rarius
1027 2357 1096 2390 sub
1125 2356 1232 2400 apice
1250 2356 1425 2391 dentibus
1444 2357 1634 2391 nonnullis

104 2414 301 2456 instructa,
329 2414 410 2447 basi
438 2425 628 2457 convexa,
655 2415 760 2459 apice
786 2417 901 2460 plana
928 2417 984 2451 vel
1010 2417 1171 2457 reflexa,
1199 2417 1235 2450 in
1264 2416 1374 2450 siccis
1400 2417 1544 2450 caulem
1571 2417 1631 2449 in-

104 2474 314 2516 volventia‚
348 2473 763 2517 viridi-flavescentia,
807 2476 949 2518 nitida,
991 2477 1073 2510 basi
1110 2477 1243 2510 subtus
1280 2476 1463 2515 lobulata‚
1509 2476 1634 2509 lobulo

104 2534 229 2576 plano,
251 2535 418 2579 ligulam,
445 2534 611 2578 margine
637 2536 789 2577 reflexo,
817 2536 924 2579 apice
947 2537 1270 2580 amphigastrium‚
1291 2546 1364 2580 quo
1387 2535 1530 2578 reliqua
1547 2544 1634 2577 pars

104 2592 255 2634 tegitur,
282 2594 500 2629 excedente.
552 2595 774 2629 Substantia
801 2596 924 2638 firma,
952 2597 1040 2630 retis
1069 2598 1216 2631 areolae
1241 2595 1409 2629 minutae
1436 2594 1632 2629 rotundae.

104 2650 369 2696 Amplziyastria
395 2654 675 2697 adproximata,
703 2656 876 2698 oblonga,
904 2660 1015 2690 ovata
1043 2660 1078 2690 et
1107 2656 1295 2700 (inferiora
1321 2654 1439 2689 caulis
1466 2650 1634 2696 primarii

104 2710 342 2756 praesertim)
376 2712 603 2755 orbiculata,
643 2714 762 2749 rarius
789 2715 1021 2757 lanceolata,
1058 2717 1227 2760 margine
1254 2716 1414 2754 reflexa,
1453 2711 1535 2745 basi
1562 2712 1633 2744 de—

105 2769 293 2803 currentia
328 2775 365 2804 et
397 2772 495 2814 plica
529 2774 652 2807 media
685 2773 881 2809 instructa.
932 2775 1187 2820 Inflorescentz’a
1220 2773 1373 2808 mascula
1406 2771 1445 2804 in
1479 2769 1633 2803 ramulis

103 2827 265 2871 propriis
300 2829 487 2865 brevibus.
546 2833 650 2867 Folia
676 2833 909 2879 periyonialia
943 2834 1158 2875 imbricata,
1194 2831 1408 2871 verticalia‚
1448 2839 1633 2870 convexa,

104 2887 203 2920 cauli
241 2887 441 2932 adpressa‚
479 2891 601 2925 ovalia
634 2896 672 2926 et
706 2893 940 2937 lanceolata,
981 2894 1076 2929 haec
1102 2893 1209 2938 apice
1243 2890 1434 2936 patentia,
1471 2889 1635 2924 antherae

104 2945 285 2983 minutae,
337 2948 586 2984 Per'icmtltimn
612 2962 685 2987 non
713 2953 887 2989 vidimus-

1286 3033 1339 3064 18
