<?xml version="1.0" encoding="UTF-8"?>
<!DOCTYPE html PUBLIC "-//W3C//DTD XHTML 1.0 Transitional//EN"
    "http://www.w3.org/TR/xhtml1/DTD/xhtml1-transitional.dtd">
<html xmlns="http://www.w3.org/1999/xhtml" xml:lang="en" lang="en">
 <head>
  <title>
</title>
<meta http-equiv="Content-Type" content="text/html;charset=utf-8" />
  <meta name='ocr-system' content='tesseract 3.04.00' />
  <meta name='ocr-capabilities' content='ocr_page ocr_carea ocr_par ocr_line ocrx_word'/>
</head>
<body>
  <div class='ocr_page' id='page_1' title='image "./synopsishepatica00gott_0749.png"; bbox 0 0 1824 3252; ppageno 0'>
   <div class='ocr_carea' id='block_1_1' title="bbox 736 200 1584 246">
    <p class='ocr_par' dir='ltr' id='par_1_1' title="bbox 736 200 1584 246">
     <span class='ocr_line' id='line_1_1' title="bbox 736 200 1584 246; baseline 0.002 -12"><span class='ocrx_word' id='word_1_1' title='bbox 736 200 953 246; x_wconf 87' lang='lat' dir='ltr'>Lepidozia.</span> <span class='ocrx_word' id='word_1_2' title='bbox 1512 204 1534 236; x_wconf 89' lang='grc'>7</span> <span class='ocrx_word' id='word_1_3' title='bbox 1543 205 1584 236; x_wconf 77' lang='lat'>15</span> 
     </span>
    </p>
   </div>
   <div class='ocr_carea' id='block_1_2' title="bbox 49 314 1588 1072">
    <p class='ocr_par' dir='ltr' id='par_1_2' title="bbox 61 314 1303 361">
     <span class='ocr_line' id='line_1_2' title="bbox 61 314 1303 361; baseline -0.001 -12"><span class='ocrx_word' id='word_1_4' title='bbox 61 326 97 359; x_wconf 89' lang='lat' dir='ltr'>p.</span> <span class='ocrx_word' id='word_1_5' title='bbox 123 317 207 349; x_wconf 85' lang='grc'>205.</span> <span class='ocrx_word' id='word_1_6' title='bbox 349 316 391 348; x_wconf 89' lang='lat'>15</span> <span class='ocrx_word' id='word_1_7' title='bbox 408 324 440 349; x_wconf 86' lang='lat' dir='ltr'>c.</span> <span class='ocrx_word' id='word_1_8' title='bbox 491 314 784 358; x_wconf 67' lang='lat' dir='ltr'>Lepidoaeia</span> <span class='ocrx_word' id='word_1_9' title='bbox 808 315 1132 361; x_wconf 78' lang='lat' dir='ltr'>em‘lophylla</span> <span class='ocrx_word' id='word_1_10' title='bbox 1155 314 1303 359; x_wconf 84' lang='lat' dir='ltr'>Taylor.</span> 
     </span>
    </p>

    <p class='ocr_par' dir='ltr' id='par_1_3' title="bbox 49 372 1586 528">
     <span class='ocr_line' id='line_1_3' title="bbox 158 372 1583 421; baseline 0 -14"><span class='ocrx_word' id='word_1_11' title='bbox 158 375 203 408; x_wconf 88' lang='lat' dir='ltr'>L.</span> <span class='ocrx_word' id='word_1_12' title='bbox 230 373 325 408; x_wconf 84' lang='lat' dir='ltr'>caule</span> <span class='ocrx_word' id='word_1_13' title='bbox 349 373 425 407; x_wconf 72' lang='lat' dir='ltr'>laxe</span> <span class='ocrx_word' id='word_1_14' title='bbox 449 375 633 419; x_wconf 74' lang='lat' dir='ltr'>caespitoso</span> <span class='ocrx_word' id='word_1_15' title='bbox 651 374 894 420; x_wconf 81' lang='lat' dir='ltr'><strong><em>procumbente</em></strong></span> <span class='ocrx_word' id='word_1_16' title='bbox 911 377 1075 421; x_wconf 80' lang='lat' dir='ltr'>pinnato,</span> <span class='ocrx_word' id='word_1_17' title='bbox 1100 374 1211 408; x_wconf 73' lang='lat' dir='ltr'>ramis</span> <span class='ocrx_word' id='word_1_18' title='bbox 1230 373 1419 408; x_wconf 79' lang='lat' dir='ltr'>attenuatis</span> <span class='ocrx_word' id='word_1_19' title='bbox 1425 372 1583 418; x_wconf 72' lang='lat' dir='ltr'>flayelli-</span> 
     </span>
     <span class='ocr_line' id='line_1_4' title="bbox 49 432 1586 480; baseline -0.001 -12"><span class='ocrx_word' id='word_1_20' title='bbox 49 433 244 480; x_wconf 78' lang='lat' dir='ltr'>sormz‘bus,</span> <span class='ocrx_word' id='word_1_21' title='bbox 265 433 372 479; x_wconf 80' lang='lat' dir='ltr'>foliis</span> <span class='ocrx_word' id='word_1_22' title='bbox 396 433 724 480; x_wconf 74' lang='lat' dir='ltr'>ampltiyastriisque</span> <span class='ocrx_word' id='word_1_23' title='bbox 749 433 941 468; x_wconf 78' lang='lat' dir='ltr'><em>imbricatis</em></span> <span class='ocrx_word' id='word_1_24' title='bbox 965 434 1282 468; x_wconf 74' lang='lat' dir='ltr'>rotmzclaco-ovatz‘s</span> <span class='ocrx_word' id='word_1_25' title='bbox 1307 432 1586 478; x_wconf 73' lang='lat' dir='ltr'>quadridentatis</span> 
     </span>
     <span class='ocr_line' id='line_1_5' title="bbox 59 494 321 528; baseline -0.004 0"><span class='ocrx_word' id='word_1_26' title='bbox 59 494 321 528; x_wconf 77' lang='lat' dir='ltr'>concavissimis.</span> 
     </span>
    </p>

    <p class='ocr_par' dir='ltr' id='par_1_4' title="bbox 252 550 1584 717">
     <span class='ocr_line' id='line_1_6' title="bbox 252 550 1584 598; baseline -0.001 -13"><span class='ocrx_word' id='word_1_27' title='bbox 252 553 438 596; x_wconf 81' lang='lat' dir='ltr'>Lepidozia</span> <span class='ocrx_word' id='word_1_28' title='bbox 466 553 672 597; x_wconf 85' lang='lat' dir='ltr'>coilopbylla</span> <span class='ocrx_word' id='word_1_29' title='bbox 703 551 832 598; x_wconf 77' lang='lat' dir='ltr'>Taylor</span> <span class='ocrx_word' id='word_1_30' title='bbox 858 552 946 585; x_wconf 88' lang='grc' dir='ltr'><strong>Νου.</strong></span> <span class='ocrx_word' id='word_1_31' title='bbox 975 551 1068 598; x_wconf 86' lang='lat' dir='ltr'>Hep.</span> <span class='ocrx_word' id='word_1_32' title='bbox 1096 552 1131 585; x_wconf 80' lang='lat' dir='ltr'>in</span> <span class='ocrx_word' id='word_1_33' title='bbox 1159 551 1270 585; x_wconf 81' lang='lat' dir='ltr'>Lond.</span> <span class='ocrx_word' id='word_1_34' title='bbox 1299 550 1428 585; x_wconf 80' lang='lat' dir='ltr'>Journ.</span> <span class='ocrx_word' id='word_1_35' title='bbox 1455 550 1499 595; x_wconf 77' lang='lat' dir='ltr'>of</span> <span class='ocrx_word' id='word_1_36' title='bbox 1518 551 1584 584; x_wconf 76' lang='lat' dir='ltr'>bot.</span> 
     </span>
     <span class='ocr_line' id='line_1_7' title="bbox 342 610 1584 658; baseline -0.002 -12"><span class='ocrx_word' id='word_1_37' title='bbox 342 614 447 647; x_wconf 70' lang='lat'>1846.</span> <span class='ocrx_word' id='word_1_38' title='bbox 476 625 514 658; x_wconf 83' lang='lat' dir='ltr'>p.</span> <span class='ocrx_word' id='word_1_39' title='bbox 541 614 625 646; x_wconf 89' lang='grc'><strong>370.</strong></span> <span class='ocrx_word' id='word_1_40' title='bbox 658 625 693 646; x_wconf 82' lang='lat' dir='ltr'>n.</span> <span class='ocrx_word' id='word_1_41' title='bbox 726 615 760 646; x_wconf 88' lang='lat'>7.</span> <span class='ocrx_word' id='word_1_42' title='bbox 830 610 998 645; x_wconf 78' lang='lat' dir='ltr'>Lindenh.</span> <span class='ocrx_word' id='word_1_43' title='bbox 1044 617 1077 644; x_wconf 79' lang='lat' dir='ltr'>et</span> <span class='ocrx_word' id='word_1_44' title='bbox 1114 610 1272 644; x_wconf 78' lang='lat' dir='ltr'>Gottsche</span> <span class='ocrx_word' id='word_1_45' title='bbox 1311 611 1410 657; x_wconf 80' lang='lat' dir='ltr'>Spec.</span> <span class='ocrx_word' id='word_1_46' title='bbox 1452 611 1584 657; x_wconf 81' lang='lat' dir='ltr'>Hepat.</span> 
     </span>
     <span class='ocr_line' id='line_1_8' title="bbox 341 672 690 717; baseline 0.003 -14"><span class='ocrx_word' id='word_1_47' title='bbox 341 672 543 717; x_wconf 76' lang='lat' dir='ltr'>Lepidozia.</span> <span class='ocrx_word' id='word_1_48' title='bbox 564 684 604 717; x_wconf 81' lang='lat' dir='ltr'>p.</span> <span class='ocrx_word' id='word_1_49' title='bbox 631 674 690 706; x_wconf 76' lang='lat'>75.</span> 
     </span>
    </p>

    <p class='ocr_par' dir='ltr' id='par_1_5' title="bbox 161 728 1265 775">
     <span class='ocr_line' id='line_1_9' title="bbox 161 728 1265 775; baseline -0.003 -10"><span class='ocrx_word' id='word_1_50' title='bbox 161 731 321 766; x_wconf 82' lang='lat' dir='ltr'><strong>Habitat</strong></span> <span class='ocrx_word' id='word_1_51' title='bbox 346 731 445 775; x_wconf 86' lang='lat' dir='ltr'>apud</span> <span class='ocrx_word' id='word_1_52' title='bbox 474 732 609 774; x_wconf 85' lang='lat' dir='ltr'>Gongo</span> <span class='ocrx_word' id='word_1_53' title='bbox 637 731 735 765; x_wconf 90' lang='lat' dir='ltr'>Soco</span> <span class='ocrx_word' id='word_1_54' title='bbox 762 730 963 774; x_wconf 85' lang='lat' dir='ltr'>(Bunbury</span> <span class='ocrx_word' id='word_1_55' title='bbox 990 728 1025 762; x_wconf 91' lang='lat' dir='ltr'>in</span> <span class='ocrx_word' id='word_1_56' title='bbox 1056 729 1131 763; x_wconf 86' lang='lat' dir='ltr'>Hb.</span> <span class='ocrx_word' id='word_1_57' title='bbox 1161 729 1265 774; x_wconf 82' lang='lat' dir='ltr'>Hk.).</span> 
     </span>
    </p>

    <p class='ocr_par' dir='ltr' id='par_1_6' title="bbox 63 787 1588 1072">
     <span class='ocr_line' id='line_1_10' title="bbox 158 787 1586 834; baseline -0.002 -11"><span class='ocrx_word' id='word_1_58' title='bbox 158 789 353 834; x_wconf 80' lang='lat' dir='ltr'>caespites</span> <span class='ocrx_word' id='word_1_59' title='bbox 380 790 478 831; x_wconf 83' lang='lat' dir='ltr'>laxi,</span> <span class='ocrx_word' id='word_1_60' title='bbox 506 789 821 834; x_wconf 86' lang='lat' dir='ltr'>albido—virides.</span> <span class='ocrx_word' id='word_1_61' title='bbox 873 789 1010 823; x_wconf 86' lang='lat' dir='ltr'>Caules</span> <span class='ocrx_word' id='word_1_62' title='bbox 1037 788 1245 832; x_wconf 84' lang='lat' dir='ltr'>pollicares‚</span> <span class='ocrx_word' id='word_1_63' title='bbox 1273 787 1365 821; x_wconf 83' lang='lat' dir='ltr'>rami</span> <span class='ocrx_word' id='word_1_64' title='bbox 1392 787 1586 821; x_wconf 83' lang='lat' dir='ltr'>inferiores</span> 
     </span>
     <span class='ocr_line' id='line_1_11' title="bbox 65 847 1588 894; baseline -0.001 -11"><span class='ocrx_word' id='word_1_65' title='bbox 65 850 214 891; x_wconf 82' lang='lat' dir='ltr'>breves,</span> <span class='ocrx_word' id='word_1_66' title='bbox 248 850 458 894; x_wconf 80' lang='lat' dir='ltr'><strong>superiores</strong></span> <span class='ocrx_word' id='word_1_67' title='bbox 485 849 636 893; x_wconf 86' lang='lat' dir='ltr'>saepius</span> <span class='ocrx_word' id='word_1_68' title='bbox 663 849 700 882; x_wconf 91' lang='lat' dir='ltr'>in</span> <span class='ocrx_word' id='word_1_69' title='bbox 729 849 875 892; x_wconf 82' lang='lat' dir='ltr'>flagella</span> <span class='ocrx_word' id='word_1_70' title='bbox 901 848 1080 891; x_wconf 84' lang='lat' dir='ltr'>elongati.</span> <span class='ocrx_word' id='word_1_71' title='bbox 1141 847 1249 881; x_wconf 72' lang='lat' dir='ltr'>Folia</span> <span class='ocrx_word' id='word_1_72' title='bbox 1274 851 1310 881; x_wconf 88' lang='lat' dir='ltr'>et</span> <span class='ocrx_word' id='word_1_73' title='bbox 1334 847 1588 894; x_wconf 74' lang='lat' dir='ltr'>amphiyastria</span> 
     </span>
     <span class='ocr_line' id='line_1_12' title="bbox 63 906 1586 951; baseline -0.001 -9"><span class='ocrx_word' id='word_1_74' title='bbox 63 909 171 942; x_wconf 82' lang='lat' dir='ltr'>valde</span> <span class='ocrx_word' id='word_1_75' title='bbox 198 919 376 951; x_wconf 88' lang='lat' dir='ltr'>concava,</span> <span class='ocrx_word' id='word_1_76' title='bbox 404 913 444 942; x_wconf 89' lang='lat' dir='ltr'>ut</span> <span class='ocrx_word' id='word_1_77' title='bbox 471 909 507 942; x_wconf 90' lang='lat' dir='ltr'>in</span> <span class='ocrx_word' id='word_1_78' title='bbox 535 913 633 943; x_wconf 85' lang='lat' dir='ltr'>statu</span> <span class='ocrx_word' id='word_1_79' title='bbox 662 908 761 942; x_wconf 87' lang='lat' dir='ltr'>sicco</span> <span class='ocrx_word' id='word_1_80' title='bbox 788 907 928 940; x_wconf 84' lang='lat' dir='ltr'>sacculi</span> <span class='ocrx_word' id='word_1_81' title='bbox 956 907 1143 950; x_wconf 87' lang='lat' dir='ltr'>corrugati</span> <span class='ocrx_word' id='word_1_82' title='bbox 1170 906 1334 951; x_wconf 89' lang='lat' dir='ltr'>speciem</span> <span class='ocrx_word' id='word_1_83' title='bbox 1352 907 1586 950; x_wconf 84' lang='lat' dir='ltr'>perhibeant,</span> 
     </span>
     <span class='ocr_line' id='line_1_13' title="bbox 63 966 1584 1012; baseline 0.001 -13"><span class='ocrx_word' id='word_1_84' title='bbox 63 978 137 1012; x_wconf 89' lang='lat' dir='ltr'>quo</span> <span class='ocrx_word' id='word_1_85' title='bbox 169 968 386 1002; x_wconf 83' lang='lat' dir='ltr'>charactere</span> <span class='ocrx_word' id='word_1_86' title='bbox 419 973 456 1002; x_wconf 88' lang='lat' dir='ltr'>et</span> <span class='ocrx_word' id='word_1_87' title='bbox 490 968 601 1002; x_wconf 88' lang='lat' dir='ltr'>ramis</span> <span class='ocrx_word' id='word_1_88' title='bbox 635 966 755 1010; x_wconf 84' lang='lat' dir='ltr'>magis</span> <span class='ocrx_word' id='word_1_89' title='bbox 790 966 1020 1000; x_wconf 87' lang='lat' dir='ltr'>distantibus</span> <span class='ocrx_word' id='word_1_90' title='bbox 1055 977 1076 1000; x_wconf 90' lang='lat' dir='ltr'>a</span> <span class='ocrx_word' id='word_1_91' title='bbox 1112 967 1198 1012; x_wconf 81' lang='lat' dir='ltr'>Lep.</span> <span class='ocrx_word' id='word_1_92' title='bbox 1224 973 1381 1012; x_wconf 78' lang='lat' dir='ltr'>reptante</span> <span class='ocrx_word' id='word_1_93' title='bbox 1412 966 1584 1010; x_wconf 83' lang='lat' dir='ltr'>proxima</span> 
     </span>
     <span class='ocr_line' id='line_1_14' title="bbox 63 1027 382 1072; baseline 0.006 -12"><span class='ocrx_word' id='word_1_94' title='bbox 63 1027 222 1061; x_wconf 84' lang='lat' dir='ltr'>discerni</span> <span class='ocrx_word' id='word_1_95' title='bbox 248 1031 382 1072; x_wconf 88' lang='lat' dir='ltr'>potest.</span> 
     </span>
    </p>
   </div>
   <div class='ocr_carea' id='block_1_3' title="bbox 63 1096 1588 1325">
    <p class='ocr_par' dir='ltr' id='par_1_7' title="bbox 65 1096 1288 1142">
     <span class='ocr_line' id='line_1_15' title="bbox 65 1096 1288 1142; baseline 0 -11"><span class='ocrx_word' id='word_1_96' title='bbox 65 1110 99 1142; x_wconf 83' lang='lat' dir='ltr'>p.</span> <span class='ocrx_word' id='word_1_97' title='bbox 125 1102 208 1133; x_wconf 85' lang='grc'>207.</span> <span class='ocrx_word' id='word_1_98' title='bbox 354 1102 402 1133; x_wconf 88' lang='grc'>20</span> <span class='ocrx_word' id='word_1_99' title='bbox 418 1099 454 1133; x_wconf 90' lang='lat' dir='ltr'>b.</span> <span class='ocrx_word' id='word_1_100' title='bbox 504 1098 795 1142; x_wconf 69' lang='lat' dir='ltr'>Lepidoze&#39;a</span> <span class='ocrx_word' id='word_1_101' title='bbox 815 1097 1116 1140; x_wconf 65' lang='lat' dir='ltr'>paruistipa</span> <span class='ocrx_word' id='word_1_102' title='bbox 1140 1096 1288 1140; x_wconf 84' lang='lat' dir='ltr'>Taylor.</span> 
     </span>
    </p>

    <p class='ocr_par' dir='ltr' id='par_1_8' title="bbox 63 1155 1588 1325">
     <span class='ocr_line' id='line_1_16' title="bbox 160 1155 1588 1203; baseline -0.001 -11"><span class='ocrx_word' id='word_1_103' title='bbox 160 1159 205 1192; x_wconf 88' lang='lat' dir='ltr'>L.</span> <span class='ocrx_word' id='word_1_104' title='bbox 233 1159 328 1192; x_wconf 82' lang='lat' dir='ltr'>caule</span> <span class='ocrx_word' id='word_1_105' title='bbox 353 1158 459 1192; x_wconf 78' lang='lat' dir='ltr'>debili</span> <span class='ocrx_word' id='word_1_106' title='bbox 484 1157 559 1191; x_wconf 79' lang='lat' dir='ltr'>laxe</span> <span class='ocrx_word' id='word_1_107' title='bbox 585 1157 732 1203; x_wconf 76' lang='lat' dir='ltr'>implexo</span> <span class='ocrx_word' id='word_1_108' title='bbox 754 1155 994 1202; x_wconf 75' lang='lat' dir='ltr'>procumbente</span> <span class='ocrx_word' id='word_1_109' title='bbox 1013 1157 1181 1202; x_wconf 78' lang='lat' dir='ltr'>pinnato,</span> <span class='ocrx_word' id='word_1_110' title='bbox 1204 1156 1311 1201; x_wconf 81' lang='lat' dir='ltr'>foliz‘s</span> <span class='ocrx_word' id='word_1_111' title='bbox 1335 1157 1588 1203; x_wconf 76' lang='lat' dir='ltr'>adproximatis</span> 
     </span>
     <span class='ocr_line' id='line_1_17' title="bbox 63 1215 1587 1263; baseline -0.001 -13"><span class='ocrx_word' id='word_1_112' title='bbox 63 1217 320 1263; x_wconf 77' lang='lat' dir='ltr'>suhpatentibus</span> <span class='ocrx_word' id='word_1_113' title='bbox 354 1230 469 1263; x_wconf 75' lang='lat' dir='ltr'>yrosse</span> <span class='ocrx_word' id='word_1_114' title='bbox 510 1216 677 1251; x_wconf 78' lang='lat' dir='ltr'>cellulosis</span> <span class='ocrx_word' id='word_1_115' title='bbox 719 1215 873 1260; x_wconf 75' lang='lat' dir='ltr'>oblonyis</span> <span class='ocrx_word' id='word_1_116' title='bbox 907 1215 1179 1260; x_wconf 80' lang='lat' dir='ltr'>quadrispinosis</span> <span class='ocrx_word' id='word_1_117' title='bbox 1217 1217 1333 1249; x_wconf 80' lang='lat' dir='ltr'>antiee</span> <span class='ocrx_word' id='word_1_118' title='bbox 1368 1215 1587 1260; x_wconf 76' lang='lat' dir='ltr'>subyibbosis,</span> 
     </span>
     <span class='ocr_line' id='line_1_18' title="bbox 63 1274 1070 1325; baseline -0.004 -14"><span class='ocrx_word' id='word_1_119' title='bbox 63 1278 324 1325; x_wconf 68' lang='lat' dir='ltr'>mnplzz&#39;yastriis</span> <span class='ocrx_word' id='word_1_120' title='bbox 349 1278 492 1311; x_wconf 80' lang='lat' dir='ltr'>minutis</span> <span class='ocrx_word' id='word_1_121' title='bbox 515 1276 758 1322; x_wconf 80' lang='lat' dir='ltr'>subquadratis</span> <span class='ocrx_word' id='word_1_122' title='bbox 781 1274 1070 1321; x_wconf 67' lang='lat' dir='ltr'>quadr-identatis.</span> 
     </span>
    </p>
   </div>
   <div class='ocr_carea' id='block_1_4' title="bbox 255 1333 1588 1477">
    <p class='ocr_par' dir='ltr' id='par_1_9' title="bbox 255 1333 1588 1477">
     <span class='ocr_line' id='line_1_19' title="bbox 255 1333 1587 1382; baseline -0.002 -14"><span class='ocrx_word' id='word_1_123' title='bbox 255 1338 441 1381; x_wconf 81' lang='lat' dir='ltr'>Lepidozia</span> <span class='ocrx_word' id='word_1_124' title='bbox 468 1339 649 1380; x_wconf 71' lang='lat' dir='ltr'>parvistipa</span> <span class='ocrx_word' id='word_1_125' title='bbox 692 1334 822 1382; x_wconf 76' lang='lat' dir='ltr'>Taylor</span> <span class='ocrx_word' id='word_1_126' title='bbox 848 1335 935 1368; x_wconf 69' lang='lat' dir='ltr'><strong><em>Nou.</em></strong></span> <span class='ocrx_word' id='word_1_127' title='bbox 963 1334 1060 1379; x_wconf 84' lang='lat' dir='ltr'>Hep.</span> <span class='ocrx_word' id='word_1_128' title='bbox 1093 1335 1131 1367; x_wconf 82' lang='lat' dir='ltr'>in</span> <span class='ocrx_word' id='word_1_129' title='bbox 1168 1334 1278 1367; x_wconf 80' lang='lat' dir='ltr'>Lond.</span> <span class='ocrx_word' id='word_1_130' title='bbox 1305 1333 1433 1367; x_wconf 80' lang='lat' dir='ltr'>Journ.</span> <span class='ocrx_word' id='word_1_131' title='bbox 1460 1333 1501 1377; x_wconf 89' lang='lat' dir='ltr'>of</span> <span class='ocrx_word' id='word_1_132' title='bbox 1522 1333 1587 1367; x_wconf 80' lang='lat' dir='ltr'>bot.</span> 
     </span>
     <span class='ocr_line' id='line_1_20' title="bbox 344 1381 1588 1430; baseline -0.003 -12"><span class='ocrx_word' id='word_1_133' title='bbox 344 1387 448 1418; x_wconf 82' lang='lat'>1846.</span> <span class='ocrx_word' id='word_1_134' title='bbox 469 1397 507 1430; x_wconf 87' lang='lat' dir='ltr'>p.</span> <span class='ocrx_word' id='word_1_135' title='bbox 534 1387 617 1418; x_wconf 79' lang='lat'><strong>370.</strong></span> <span class='ocrx_word' id='word_1_136' title='bbox 643 1397 678 1417; x_wconf 78' lang='lat' dir='ltr'>n.</span> <span class='ocrx_word' id='word_1_137' title='bbox 705 1386 739 1417; x_wconf 92' lang='lat'>6.</span> <span class='ocrx_word' id='word_1_138' title='bbox 792 1382 958 1416; x_wconf 75' lang='lat' dir='ltr'>Lindenb.</span> <span class='ocrx_word' id='word_1_139' title='bbox 985 1388 1016 1415; x_wconf 80' lang='lat' dir='ltr'>et</span> <span class='ocrx_word' id='word_1_140' title='bbox 1044 1381 1203 1415; x_wconf 79' lang='lat' dir='ltr'>Gottsehe</span> <span class='ocrx_word' id='word_1_141' title='bbox 1236 1381 1335 1426; x_wconf 77' lang='lat' dir='ltr'>Spee.</span> <span class='ocrx_word' id='word_1_142' title='bbox 1364 1381 1496 1426; x_wconf 83' lang='lat' dir='ltr'>Hepat.</span> <span class='ocrx_word' id='word_1_143' title='bbox 1523 1382 1588 1414; x_wconf 91' lang='lat' dir='ltr'>Le-</span> 
     </span>
     <span class='ocr_line' id='line_1_21' title="bbox 335 1433 641 1477; baseline 0 -13"><span class='ocrx_word' id='word_1_144' title='bbox 335 1433 494 1477; x_wconf 77' lang='lat' dir='ltr'>piclozz‘a.</span> <span class='ocrx_word' id='word_1_145' title='bbox 517 1444 555 1477; x_wconf 83' lang='lat' dir='ltr'>p.</span> <span class='ocrx_word' id='word_1_146' title='bbox 583 1434 641 1465; x_wconf 87' lang='lat'>76.</span> 
     </span>
    </p>
   </div>
   <div class='ocr_carea' id='block_1_5' title="bbox 65 1487 1590 1832">
    <p class='ocr_par' dir='ltr' id='par_1_10' title="bbox 161 1487 1589 1533">
     <span class='ocr_line' id='line_1_22' title="bbox 161 1487 1589 1533; baseline -0.002 -8"><span class='ocrx_word' id='word_1_147' title='bbox 161 1491 323 1525; x_wconf 78' lang='lat' dir='ltr'>Habitat</span> <span class='ocrx_word' id='word_1_148' title='bbox 349 1492 384 1525; x_wconf 89' lang='lat' dir='ltr'>in</span> <span class='ocrx_word' id='word_1_149' title='bbox 403 1492 509 1526; x_wconf 87' lang='lat' dir='ltr'>Nova</span> <span class='ocrx_word' id='word_1_150' title='bbox 529 1490 733 1525; x_wconf 83' lang='lat' dir='ltr'>Hollandia</span> <span class='ocrx_word' id='word_1_151' title='bbox 759 1489 858 1533; x_wconf 87' lang='lat' dir='ltr'>apud</span> <span class='ocrx_word' id='word_1_152' title='bbox 879 1489 1034 1523; x_wconf 83' lang='lat' dir='ltr'>Flumen</span> <span class='ocrx_word' id='word_1_153' title='bbox 1057 1489 1270 1532; x_wconf 78' lang='lat' dir='ltr'>Cygnorum</span> <span class='ocrx_word' id='word_1_154' title='bbox 1301 1487 1589 1531; x_wconf 89' lang='lat' dir='ltr'>(Drummond).</span> 
     </span>
    </p>

    <p class='ocr_par' dir='ltr' id='par_1_11' title="bbox 65 1548 1590 1713">
     <span class='ocr_line' id='line_1_23' title="bbox 162 1548 1588 1594; baseline -0.004 -9"><span class='ocrx_word' id='word_1_155' title='bbox 162 1550 361 1594; x_wconf 80' lang='lat' dir='ltr'>Caespites</span> <span class='ocrx_word' id='word_1_156' title='bbox 388 1551 487 1591; x_wconf 85' lang='lat' dir='ltr'>laxi,</span> <span class='ocrx_word' id='word_1_157' title='bbox 514 1550 654 1594; x_wconf 82' lang='lat' dir='ltr'>pallide</span> <span class='ocrx_word' id='word_1_158' title='bbox 681 1548 992 1591; x_wconf 74' lang='lat' dir='ltr'>glauco-virides.</span> <span class='ocrx_word' id='word_1_159' title='bbox 1045 1548 1184 1582; x_wconf 82' lang='lat' dir='ltr'>Caules</span> <span class='ocrx_word' id='word_1_160' title='bbox 1212 1548 1287 1582; x_wconf 84' lang='lat' dir='ltr'>fere</span> <span class='ocrx_word' id='word_1_161' title='bbox 1312 1551 1336 1582; x_wconf 85' lang='lat'><strong>2</strong></span> <span class='ocrx_word' id='word_1_162' title='bbox 1361 1548 1448 1592; x_wconf 87' lang='lat' dir='ltr'>poll.</span> <span class='ocrx_word' id='word_1_163' title='bbox 1477 1548 1588 1590; x_wconf 80' lang='lat' dir='ltr'>longi,</span> 
     </span>
     <span class='ocr_line' id='line_1_24' title="bbox 66 1607 1590 1654; baseline -0.003 -10"><span class='ocrx_word' id='word_1_164' title='bbox 66 1611 193 1653; x_wconf 89' lang='lat' dir='ltr'>paullo</span> <span class='ocrx_word' id='word_1_165' title='bbox 227 1610 481 1653; x_wconf 81' lang='lat' dir='ltr'>irregulariter</span> <span class='ocrx_word' id='word_1_166' title='bbox 515 1609 682 1654; x_wconf 86' lang='lat' dir='ltr'>pinnati;</span> <span class='ocrx_word' id='word_1_167' title='bbox 720 1608 972 1654; x_wconf 74' lang='lat' dir='ltr'>amphiyastria</span> <span class='ocrx_word' id='word_1_168' title='bbox 1008 1607 1084 1641; x_wconf 85' lang='lat' dir='ltr'>fere</span> <span class='ocrx_word' id='word_1_169' title='bbox 1125 1607 1332 1651; x_wconf 83' lang='lat' dir='ltr'>quadrata,</span> <span class='ocrx_word' id='word_1_170' title='bbox 1371 1607 1434 1641; x_wconf 84' lang='lat' dir='ltr'>vix</span> <span class='ocrx_word' id='word_1_171' title='bbox 1469 1607 1590 1640; x_wconf 76' lang='lat' dir='ltr'>caulis</span> 
     </span>
     <span class='ocr_line' id='line_1_25' title="bbox 65 1669 556 1713; baseline 0.002 -12"><span class='ocrx_word' id='word_1_172' title='bbox 65 1669 300 1702; x_wconf 82' lang='lat' dir='ltr'>latitudinem</span> <span class='ocrx_word' id='word_1_173' title='bbox 328 1669 556 1713; x_wconf 82' lang='lat' dir='ltr'>superantia.</span> 
     </span>
    </p>

    <p class='ocr_par' dir='ltr' id='par_1_12' title="bbox 67 1724 1588 1832">
     <span class='ocr_line' id='line_1_26' title="bbox 163 1724 1588 1775; baseline -0.004 -13"><span class='ocrx_word' id='word_1_174' title='bbox 163 1729 208 1762; x_wconf 89' lang='lat' dir='ltr'>L.</span> <span class='ocrx_word' id='word_1_175' title='bbox 240 1728 499 1775; x_wconf 71' lang='lat' dir='ltr'>ylaueoployllae</span> <span class='ocrx_word' id='word_1_176' title='bbox 531 1728 672 1767; x_wconf 85' lang='lat' dir='ltr'>affinis,</span> <span class='ocrx_word' id='word_1_177' title='bbox 708 1726 774 1761; x_wconf 91' lang='lat' dir='ltr'>sed</span> <span class='ocrx_word' id='word_1_178' title='bbox 808 1726 895 1760; x_wconf 87' lang='lat' dir='ltr'>folia</span> <span class='ocrx_word' id='word_1_179' title='bbox 929 1730 1016 1760; x_wconf 88' lang='lat' dir='ltr'>sunt</span> <span class='ocrx_word' id='word_1_180' title='bbox 1043 1726 1158 1759; x_wconf 84' lang='lat' dir='ltr'>inulto</span> <span class='ocrx_word' id='word_1_181' title='bbox 1185 1724 1353 1768; x_wconf 89' lang='lat' dir='ltr'>longiora</span> <span class='ocrx_word' id='word_1_182' title='bbox 1379 1729 1416 1758; x_wconf 88' lang='lat' dir='ltr'>et</span> <span class='ocrx_word' id='word_1_183' title='bbox 1441 1725 1588 1758; x_wconf 85' lang='lat' dir='ltr'>areolae</span> 
     </span>
     <span class='ocr_line' id='line_1_27' title="bbox 67 1785 1338 1832; baseline -0.002 -12"><span class='ocrx_word' id='word_1_184' title='bbox 67 1787 228 1828; x_wconf 81' lang='lat' dir='ltr'>latiores,</span> <span class='ocrx_word' id='word_1_185' title='bbox 256 1788 523 1832; x_wconf 80' lang='lat' dir='ltr'>amphigastria</span> <span class='ocrx_word' id='word_1_186' title='bbox 549 1792 679 1822; x_wconf 82' lang='lat' dir='ltr'>contra</span> <span class='ocrx_word' id='word_1_187' title='bbox 706 1786 823 1820; x_wconf 88' lang='lat' dir='ltr'>multo</span> <span class='ocrx_word' id='word_1_188' title='bbox 849 1785 1005 1820; x_wconf 86' lang='lat' dir='ltr'>minora.</span> <span class='ocrx_word' id='word_1_189' title='bbox 1057 1786 1211 1829; x_wconf 78' lang='lat' dir='ltr'>(Taylor</span> <span class='ocrx_word' id='word_1_190' title='bbox 1236 1785 1258 1818; x_wconf 92' lang='lat' dir='ltr'>l.</span> <span class='ocrx_word' id='word_1_191' title='bbox 1287 1787 1338 1828; x_wconf 90' lang='lat' dir='ltr'>c.)</span> 
     </span>
    </p>
   </div>
   <div class='ocr_carea' id='block_1_6' title="bbox 66 1867 1590 2209">
    <p class='ocr_par' dir='ltr' id='par_1_13' title="bbox 66 1867 1590 2209">
     <span class='ocr_line' id='line_1_28' title="bbox 66 1867 1202 1911; baseline -0.001 -10"><span class='ocrx_word' id='word_1_192' title='bbox 66 1879 102 1911; x_wconf 90' lang='lat' dir='ltr'>p.</span> <span class='ocrx_word' id='word_1_193' title='bbox 129 1871 213 1902; x_wconf 89' lang='grc'>207.</span> <span class='ocrx_word' id='word_1_194' title='bbox 449 1871 508 1902; x_wconf 86' lang='grc'>22.</span> <span class='ocrx_word' id='word_1_195' title='bbox 559 1868 852 1911; x_wconf 70' lang='lat' dir='ltr'>Lepidozc&#39;a</span> <span class='ocrx_word' id='word_1_196' title='bbox 879 1867 1202 1910; x_wconf 74' lang='lat' dir='ltr'>cupressina.</span> 
     </span>
     <span class='ocr_line' id='line_1_29' title="bbox 67 1924 1590 1968; baseline -0.002 -7"><span class='ocrx_word' id='word_1_197' title='bbox 67 1927 192 1961; x_wconf 86' lang='lat' dir='ltr'>Adde:</span> <span class='ocrx_word' id='word_1_198' title='bbox 233 1940 268 1968; x_wconf 78' lang='lat' dir='ltr'>a,</span> <span class='ocrx_word' id='word_1_199' title='bbox 295 1927 440 1961; x_wconf 84' lang='lat' dir='ltr'>habitat</span> <span class='ocrx_word' id='word_1_200' title='bbox 464 1928 502 1961; x_wconf 92' lang='lat' dir='ltr'>in</span> <span class='ocrx_word' id='word_1_201' title='bbox 517 1926 736 1961; x_wconf 86' lang='lat' dir='ltr'>Columbiae</span> <span class='ocrx_word' id='word_1_202' title='bbox 763 1926 962 1960; x_wconf 88' lang='lat' dir='ltr'>Provincia</span> <span class='ocrx_word' id='word_1_203' title='bbox 992 1925 1137 1959; x_wconf 85' lang='lat' dir='ltr'>Merida</span> <span class='ocrx_word' id='word_1_204' title='bbox 1163 1925 1319 1967; x_wconf 83' lang='lat' dir='ltr'>(Moritz</span> <span class='ocrx_word' id='word_1_205' title='bbox 1346 1925 1381 1958; x_wconf 89' lang='lat' dir='ltr'>in</span> <span class='ocrx_word' id='word_1_206' title='bbox 1400 1925 1475 1960; x_wconf 91' lang='lat' dir='ltr'>Hb.</span> <span class='ocrx_word' id='word_1_207' title='bbox 1496 1924 1590 1968; x_wconf 85' lang='lat' dir='ltr'>Reg.</span> 
     </span>
     <span class='ocr_line' id='line_1_30' title="bbox 211 1986 818 2031; baseline -0.003 -10"><span class='ocrx_word' id='word_1_208' title='bbox 211 1987 335 2021; x_wconf 81' lang='lat' dir='ltr'>Berol.</span> <span class='ocrx_word' id='word_1_209' title='bbox 363 1991 400 2021; x_wconf 92' lang='lat' dir='ltr'>et</span> <span class='ocrx_word' id='word_1_210' title='bbox 426 1987 650 2031; x_wconf 86' lang='lat' dir='ltr'>Kohlmeyer</span> <span class='ocrx_word' id='word_1_211' title='bbox 677 1997 711 2021; x_wconf 91' lang='lat' dir='ltr'>n.</span> <span class='ocrx_word' id='word_1_212' title='bbox 741 1986 818 2030; x_wconf 83' lang='lat'>74.)</span> 
     </span>
     <span class='ocr_line' id='line_1_31' title="bbox 211 2045 1588 2090; baseline -0.004 -10"><span class='ocrx_word' id='word_1_213' title='bbox 211 2058 287 2080; x_wconf 86' lang='lat' dir='ltr'>var.</span> <span class='ocrx_word' id='word_1_214' title='bbox 299 2056 337 2087; x_wconf 81' lang='grc' dir='ltr'>Ύ,</span> <span class='ocrx_word' id='word_1_215' title='bbox 366 2049 461 2078; x_wconf 83' lang='lat' dir='ltr'>caule</span> <span class='ocrx_word' id='word_1_216' title='bbox 477 2049 682 2090; x_wconf 82' lang='lat' dir='ltr'>plerumque</span> <span class='ocrx_word' id='word_1_217' title='bbox 700 2046 879 2088; x_wconf 84' lang='lat' dir='ltr'>bipinnato</span> <span class='ocrx_word' id='word_1_218' title='bbox 897 2046 999 2076; x_wconf 80' lang='lat' dir='ltr'>ramis</span> <span class='ocrx_word' id='word_1_219' title='bbox 1015 2046 1145 2076; x_wconf 84' lang='lat' dir='ltr'>obtusis</span> <span class='ocrx_word' id='word_1_220' title='bbox 1167 2046 1219 2076; x_wconf 81' lang='lat' dir='ltr'>vel</span> <span class='ocrx_word' id='word_1_221' title='bbox 1235 2045 1382 2076; x_wconf 78' lang='lat' dir='ltr'>breviter</span> <span class='ocrx_word' id='word_1_222' title='bbox 1398 2045 1588 2077; x_wconf 66' lang='lat' dir='ltr'>attenuatis.</span> 
     </span>
     <span class='ocr_line' id='line_1_32' title="bbox 258 2105 877 2140; baseline -0.002 -1"><span class='ocrx_word' id='word_1_223' title='bbox 258 2105 428 2139; x_wconf 74' lang='lat' dir='ltr'>Liebmtm</span> <span class='ocrx_word' id='word_1_224' title='bbox 452 2106 529 2140; x_wconf 79' lang='lat' dir='ltr'>Iter</span> <span class='ocrx_word' id='word_1_225' title='bbox 555 2106 730 2139; x_wconf 72' lang='lat' dir='ltr'>IlIeccz&#39;can.</span> <span class='ocrx_word' id='word_1_226' title='bbox 757 2105 877 2139; x_wconf 80' lang='lat' dir='ltr'>inedit.</span> 
     </span>
     <span class='ocr_line' id='line_1_33' title="bbox 164 2160 1497 2209; baseline -0.003 -12"><span class='ocrx_word' id='word_1_227' title='bbox 164 2164 324 2198; x_wconf 82' lang='lat' dir='ltr'>Habitat</span> <span class='ocrx_word' id='word_1_228' title='bbox 350 2165 449 2209; x_wconf 82' lang='lat' dir='ltr'>apud</span> <span class='ocrx_word' id='word_1_229' title='bbox 480 2165 647 2199; x_wconf 87' lang='lat' dir='ltr'>Mirador</span> <span class='ocrx_word' id='word_1_230' title='bbox 674 2164 974 2203; x_wconf 80' lang='lat' dir='ltr'>Mexicanorum,</span> <span class='ocrx_word' id='word_1_231' title='bbox 1001 2161 1063 2196; x_wconf 92' lang='lat' dir='ltr'>ubi</span> <span class='ocrx_word' id='word_1_232' title='bbox 1092 2161 1182 2204; x_wconf 82' lang='lat' dir='ltr'>legit</span> <span class='ocrx_word' id='word_1_233' title='bbox 1208 2162 1275 2195; x_wconf 90' lang='lat' dir='ltr'>cel.</span> <span class='ocrx_word' id='word_1_234' title='bbox 1305 2160 1497 2195; x_wconf 85' lang='lat' dir='ltr'>Liebman.</span> 
     </span>
    </p>
   </div>
   <div class='ocr_carea' id='block_1_7' title="bbox 68 2242 1336 2289">
    <p class='ocr_par' dir='ltr' id='par_1_14' title="bbox 68 2242 1336 2289">
     <span class='ocr_line' id='line_1_34' title="bbox 68 2242 1336 2289; baseline -0.004 -10"><span class='ocrx_word' id='word_1_235' title='bbox 68 2256 103 2289; x_wconf 90' lang='lat' dir='ltr'>p.</span> <span class='ocrx_word' id='word_1_236' title='bbox 130 2248 214 2280; x_wconf 79' lang='lat'><strong>208.</strong></span> <span class='ocrx_word' id='word_1_237' title='bbox 328 2247 377 2278; x_wconf 90' lang='grc'>22</span> <span class='ocrx_word' id='word_1_238' title='bbox 390 2245 425 2278; x_wconf 92' lang='lat' dir='ltr'>b.</span> <span class='ocrx_word' id='word_1_239' title='bbox 476 2245 767 2288; x_wconf 70' lang='lat' dir='ltr'>Lepidoaeia</span> <span class='ocrx_word' id='word_1_240' title='bbox 794 2242 1162 2287; x_wconf 68' lang='lat' dir='ltr'>chordulaefera</span> <span class='ocrx_word' id='word_1_241' title='bbox 1187 2242 1336 2285; x_wconf 81' lang='lat' dir='ltr'>Taylor.</span> 
     </span>
    </p>
   </div>
   <div class='ocr_carea' id='block_1_8' title="bbox 57 2313 1594 2538">
    <p class='ocr_par' dir='ltr' id='par_1_15' title="bbox 57 2313 1594 2538">
     <span class='ocr_line' id='line_1_35' title="bbox 166 2313 1591 2361; baseline -0.002 -12"><span class='ocrx_word' id='word_1_242' title='bbox 166 2317 211 2350; x_wconf 93' lang='lat' dir='ltr'>L.</span> <span class='ocrx_word' id='word_1_243' title='bbox 231 2316 326 2350; x_wconf 82' lang='lat' dir='ltr'>caule</span> <span class='ocrx_word' id='word_1_244' title='bbox 354 2314 498 2361; x_wconf 74' lang='lat' dir='ltr'>implexo</span> <span class='ocrx_word' id='word_1_245' title='bbox 523 2315 742 2348; x_wconf 78' lang='lat' dir='ltr'>adscendente</span> <span class='ocrx_word' id='word_1_246' title='bbox 760 2315 920 2360; x_wconf 78' lang='lat' dir='ltr'>pinnato,</span> <span class='ocrx_word' id='word_1_247' title='bbox 955 2315 1063 2347; x_wconf 78' lang='lat' dir='ltr'>ramis</span> <span class='ocrx_word' id='word_1_248' title='bbox 1088 2314 1183 2359; x_wconf 79' lang='lat' dir='ltr'>apice</span> <span class='ocrx_word' id='word_1_249' title='bbox 1209 2315 1400 2347; x_wconf 80' lang='lat' dir='ltr'>attenuatis</span> <span class='ocrx_word' id='word_1_250' title='bbox 1424 2313 1591 2354; x_wconf 74' lang='lat' dir='ltr'>decurvis,</span> 
     </span>
     <span class='ocr_line' id='line_1_36' title="bbox 57 2370 1594 2423; baseline -0.003 -13"><span class='ocrx_word' id='word_1_251' title='bbox 57 2375 165 2423; x_wconf 79' lang='lat' dir='ltr'>foliis</span> <span class='ocrx_word' id='word_1_252' title='bbox 190 2375 336 2421; x_wconf 76' lang='lat' dir='ltr'>obliquis</span> <span class='ocrx_word' id='word_1_253' title='bbox 360 2374 683 2420; x_wconf 68' lang='lat' dir='ltr'>avnploeiqastriisque</span> <span class='ocrx_word' id='word_1_254' title='bbox 714 2379 808 2407; x_wconf 80' lang='lat' dir='ltr'>arete</span> <span class='ocrx_word' id='word_1_255' title='bbox 845 2370 1389 2419; x_wconf 48' lang='lat' dir='ltr'>imbricatis*erecto-patentibus</span> <span class='ocrx_word' id='word_1_256' title='bbox 1412 2373 1594 2418; x_wconf 79' lang='lat' dir='ltr'>quadratis</span> 
     </span>
     <span class='ocr_line' id='line_1_37' title="bbox 69 2427 1592 2487; baseline -0.004 -17"><span class='ocrx_word' id='word_1_257' title='bbox 69 2436 278 2482; x_wconf 61' lang='lat' dir='ltr'>quadrifidis</span> <span class='ocrx_word' id='word_1_258' title='bbox 303 2435 376 2469; x_wconf 81' lang='lat' dir='ltr'>basi</span> <span class='ocrx_word' id='word_1_259' title='bbox 402 2434 565 2479; x_wconf 81' lang='lat' dir='ltr'>utrinque</span> <span class='ocrx_word' id='word_1_260' title='bbox 589 2433 802 2467; x_wconf 75' lang='lat' dir='ltr'>subdentatis</span> <span class='ocrx_word' id='word_1_261' title='bbox 826 2433 1008 2476; x_wconf 72' lang='lat' dir='ltr'>seymentis</span> <span class='ocrx_word' id='word_1_262' title='bbox 1032 2431 1242 2473; x_wconf 76' lang='grc' dir='ltr'><em>ἷαηοεοῖαίὶε,</em></span> <span class='ocrx_word' id='word_1_263' title='bbox 1264 2427 1461 2487; x_wconf 47' lang='grc' dir='ltr'>Ρᾳιητήίο</span> <span class='ocrx_word' id='word_1_264' title='bbox 1482 2430 1592 2477; x_wconf 77' lang='lat' dir='ltr'>cylin-</span> 
     </span>
     <span class='ocr_line' id='line_1_38' title="bbox 69 2492 804 2538; baseline -0.005 -9"><span class='ocrx_word' id='word_1_265' title='bbox 69 2497 190 2529; x_wconf 84' lang='lat' dir='ltr'>draceo</span> <span class='ocrx_word' id='word_1_266' title='bbox 214 2496 412 2529; x_wconf 78' lang='lat' dir='ltr'>acuminato</span> <span class='ocrx_word' id='word_1_267' title='bbox 435 2492 627 2538; x_wconf 77' lang='lat' dir='ltr'>subplicato</span> <span class='ocrx_word' id='word_1_268' title='bbox 651 2492 804 2526; x_wconf 77' lang='lat' dir='ltr'>incurvo.</span> 
     </span>
    </p>
   </div>
   <div class='ocr_carea' id='block_1_9' title="bbox 75 2549 1594 2926">
    <p class='ocr_par' dir='ltr' id='par_1_16' title="bbox 75 2549 1594 2926">
     <span class='ocr_line' id='line_1_39' title="bbox 262 2549 1593 2599; baseline -0.003 -11"><span class='ocrx_word' id='word_1_269' title='bbox 262 2555 449 2599; x_wconf 83' lang='lat' dir='ltr'>Lepidozia</span> <span class='ocrx_word' id='word_1_270' title='bbox 476 2553 704 2585; x_wconf 80' lang='lat' dir='ltr'>chordulisera</span> <span class='ocrx_word' id='word_1_271' title='bbox 739 2550 842 2597; x_wconf 78' lang='lat' dir='ltr'><em>Tayl.</em></span> <span class='ocrx_word' id='word_1_272' title='bbox 871 2551 958 2585; x_wconf 81' lang='lat' dir='ltr'>Nov.</span> <span class='ocrx_word' id='word_1_273' title='bbox 987 2551 1079 2597; x_wconf 86' lang='lat' dir='ltr'>Hep.</span> <span class='ocrx_word' id='word_1_274' title='bbox 1107 2552 1145 2584; x_wconf 80' lang='lat' dir='ltr'>in</span> <span class='ocrx_word' id='word_1_275' title='bbox 1170 2551 1281 2585; x_wconf 81' lang='lat' dir='ltr'>Lond.</span> <span class='ocrx_word' id='word_1_276' title='bbox 1307 2550 1438 2584; x_wconf 79' lang='lat' dir='ltr'>Journ.</span> <span class='ocrx_word' id='word_1_277' title='bbox 1463 2549 1507 2594; x_wconf 87' lang='lat' dir='ltr'>of</span> <span class='ocrx_word' id='word_1_278' title='bbox 1525 2549 1593 2584; x_wconf 82' lang='lat' dir='ltr'>bot.</span> 
     </span>
     <span class='ocr_line' id='line_1_40' title="bbox 352 2598 1591 2646; baseline -0.004 -10"><span class='ocrx_word' id='word_1_279' title='bbox 352 2605 455 2636; x_wconf 78' lang='lat'>1846.</span> <span class='ocrx_word' id='word_1_280' title='bbox 490 2612 527 2646; x_wconf 86' lang='lat' dir='ltr'>p.</span> <span class='ocrx_word' id='word_1_281' title='bbox 566 2603 649 2634; x_wconf 87' lang='grc'><strong>371.</strong></span> <span class='ocrx_word' id='word_1_282' title='bbox 688 2611 723 2633; x_wconf 83' lang='lat' dir='ltr'>n.</span> <span class='ocrx_word' id='word_1_283' title='bbox 762 2602 797 2634; x_wconf 88' lang='lat'>8.</span> <span class='ocrx_word' id='word_1_284' title='bbox 848 2598 1019 2634; x_wconf 81' lang='lat' dir='ltr'>Lindenb.</span> <span class='ocrx_word' id='word_1_285' title='bbox 1055 2606 1087 2633; x_wconf 79' lang='lat' dir='ltr'>et</span> <span class='ocrx_word' id='word_1_286' title='bbox 1126 2599 1284 2632; x_wconf 77' lang='lat' dir='ltr'>Gottsclze</span> <span class='ocrx_word' id='word_1_287' title='bbox 1320 2598 1417 2644; x_wconf 83' lang='lat' dir='ltr'>Spec.</span> <span class='ocrx_word' id='word_1_288' title='bbox 1458 2598 1591 2643; x_wconf 79' lang='lat' dir='ltr'>Hepat.</span> 
     </span>
     <span class='ocr_line' id='line_1_41' title="bbox 352 2648 703 2695; baseline -0.009 -12"><span class='ocrx_word' id='word_1_289' title='bbox 352 2648 558 2695; x_wconf 81' lang='lat' dir='ltr'>Lepidozia.</span> <span class='ocrx_word' id='word_1_290' title='bbox 577 2659 617 2693; x_wconf 88' lang='lat' dir='ltr'>p.</span> <span class='ocrx_word' id='word_1_291' title='bbox 644 2649 703 2681; x_wconf 81' lang='lat'>76.</span> 
     </span>
     <span class='ocr_line' id='line_1_42' title="bbox 172 2704 1438 2750; baseline -0.003 -8"><span class='ocrx_word' id='word_1_292' title='bbox 172 2707 332 2742; x_wconf 85' lang='lat' dir='ltr'>Habitat</span> <span class='ocrx_word' id='word_1_293' title='bbox 356 2708 393 2742; x_wconf 92' lang='lat' dir='ltr'>in</span> <span class='ocrx_word' id='word_1_294' title='bbox 422 2709 552 2742; x_wconf 90' lang='lat' dir='ltr'>Chono</span> <span class='ocrx_word' id='word_1_295' title='bbox 578 2705 827 2750; x_wconf 84' lang='lat' dir='ltr'>Archipelago</span> <span class='ocrx_word' id='word_1_296' title='bbox 854 2705 1024 2747; x_wconf 86' lang='lat' dir='ltr'>(Darwin</span> <span class='ocrx_word' id='word_1_297' title='bbox 1052 2716 1088 2740; x_wconf 87' lang='lat' dir='ltr'>n.</span> <span class='ocrx_word' id='word_1_298' title='bbox 1115 2707 1198 2739; x_wconf 84' lang='lat'><strong>461.</strong></span> <span class='ocrx_word' id='word_1_299' title='bbox 1226 2704 1302 2739; x_wconf 86' lang='lat' dir='ltr'>Hb.</span> <span class='ocrx_word' id='word_1_300' title='bbox 1328 2704 1438 2747; x_wconf 89' lang='lat' dir='ltr'>Hk.).</span> 
     </span>
     <span class='ocr_line' id='line_1_43' title="bbox 170 2763 1594 2812; baseline -0.003 -11"><span class='ocrx_word' id='word_1_301' title='bbox 170 2766 343 2812; x_wconf 78' lang='lat' dir='ltr'>Caespz’tes</span> <span class='ocrx_word' id='word_1_302' title='bbox 368 2767 469 2807; x_wconf 86' lang='lat' dir='ltr'>laxi,</span> <span class='ocrx_word' id='word_1_303' title='bbox 497 2764 832 2801; x_wconf 86' lang='lat' dir='ltr'>albido-olivacei.</span> <span class='ocrx_word' id='word_1_304' title='bbox 885 2763 1007 2798; x_wconf 77' lang='lat' dir='ltr'>caules</span> <span class='ocrx_word' id='word_1_305' title='bbox 1033 2764 1108 2797; x_wconf 82' lang='lat' dir='ltr'>fere</span> <span class='ocrx_word' id='word_1_306' title='bbox 1136 2766 1159 2797; x_wconf 86' lang='grc'><strong>2</strong></span> <span class='ocrx_word' id='word_1_307' title='bbox 1184 2764 1271 2807; x_wconf 88' lang='lat' dir='ltr'>poll.</span> <span class='ocrx_word' id='word_1_308' title='bbox 1297 2763 1417 2807; x_wconf 86' lang='lat' dir='ltr'>longi,</span> <span class='ocrx_word' id='word_1_309' title='bbox 1443 2763 1594 2806; x_wconf 86' lang='lat' dir='ltr'>regula-</span> 
     </span>
     <span class='ocr_line' id='line_1_44' title="bbox 75 2822 1593 2869; baseline -0.001 -10"><span class='ocrx_word' id='word_1_310' title='bbox 75 2827 161 2860; x_wconf 85' lang='lat' dir='ltr'>riter</span> <span class='ocrx_word' id='word_1_311' title='bbox 189 2825 343 2869; x_wconf 85' lang='lat' dir='ltr'>pinnati,</span> <span class='ocrx_word' id='word_1_312' title='bbox 371 2826 462 2859; x_wconf 83' lang='lat' dir='ltr'>rami</span> <span class='ocrx_word' id='word_1_313' title='bbox 491 2824 675 2859; x_wconf 87' lang='lat' dir='ltr'>attenuati</span> <span class='ocrx_word' id='word_1_314' title='bbox 702 2824 853 2858; x_wconf 82' lang='lat' dir='ltr'>deflexi.</span> <span class='ocrx_word' id='word_1_315' title='bbox 888 2823 994 2857; x_wconf 81' lang='lat' dir='ltr'>Folia</span> <span class='ocrx_word' id='word_1_316' title='bbox 1020 2834 1186 2858; x_wconf 81' lang='lat' dir='ltr'>concava</span> <span class='ocrx_word' id='word_1_317' title='bbox 1205 2822 1288 2857; x_wconf 85' lang='lat' dir='ltr'>basi</span> <span class='ocrx_word' id='word_1_318' title='bbox 1315 2823 1391 2856; x_wconf 86' lang='lat' dir='ltr'>lata</span> <span class='ocrx_word' id='word_1_319' title='bbox 1419 2822 1593 2868; x_wconf 83' lang='lat' dir='ltr'>utrinque</span> 
     </span>
     <span class='ocr_line' id='line_1_45' title="bbox 75 2882 1593 2926; baseline -0.002 -8"><span class='ocrx_word' id='word_1_320' title='bbox 75 2896 149 2919; x_wconf 92' lang='lat' dir='ltr'>uno</span> <span class='ocrx_word' id='word_1_321' title='bbox 175 2885 232 2918; x_wconf 91' lang='lat' dir='ltr'>vel</span> <span class='ocrx_word' id='word_1_322' title='bbox 261 2885 356 2918; x_wconf 83' lang='lat' dir='ltr'>binis</span> <span class='ocrx_word' id='word_1_323' title='bbox 382 2885 556 2919; x_wconf 88' lang='lat' dir='ltr'>dentibus</span> <span class='ocrx_word' id='word_1_324' title='bbox 584 2883 772 2918; x_wconf 84' lang='lat' dir='ltr'>distinctis</span> <span class='ocrx_word' id='word_1_325' title='bbox 801 2887 964 2924; x_wconf 84' lang='lat' dir='ltr'>armata;</span> <span class='ocrx_word' id='word_1_326' title='bbox 990 2882 1160 2917; x_wconf 83' lang='lat' dir='ltr'>foliorum</span> <span class='ocrx_word' id='word_1_327' title='bbox 1186 2886 1224 2916; x_wconf 90' lang='lat' dir='ltr'>et</span> <span class='ocrx_word' id='word_1_328' title='bbox 1244 2882 1593 2926; x_wconf 82' lang='lat' dir='ltr'>amphigastriorum</span> 
     </span>
    </p>
   </div>
   <div class='ocr_carea' id='block_1_10' title="bbox 76 2939 1514 2988">
    <p class='ocr_par' dir='ltr' id='par_1_17' title="bbox 76 2939 1514 2988">
     <span class='ocr_line' id='line_1_46' title="bbox 76 2939 1514 2988; baseline -0.003 -9"><span class='ocrx_word' id='word_1_329' title='bbox 76 2947 268 2988; x_wconf 81' lang='lat' dir='ltr'>segmenta</span> <span class='ocrx_word' id='word_1_330' title='bbox 294 2943 520 2988; x_wconf 81' lang='lat' dir='ltr'>inaequalia.</span> <span class='ocrx_word' id='word_1_331' title='bbox 572 2943 679 2977; x_wconf 87' lang='lat' dir='ltr'>Folia</span> <span class='ocrx_word' id='word_1_332' title='bbox 705 2942 935 2977; x_wconf 67' lang='lat' dir='ltr'>involat-ralia</span> <span class='ocrx_word' id='word_1_333' title='bbox 960 2946 1085 2977; x_wconf 84' lang='lat' dir='ltr'>erec-ta</span> <span class='ocrx_word' id='word_1_334' title='bbox 1111 2941 1312 2986; x_wconf 83' lang='lat' dir='ltr'>segmentis</span> <span class='ocrx_word' id='word_1_335' title='bbox 1339 2939 1514 2975; x_wconf 85' lang='lat' dir='ltr'>dentatis.</span> 
     </span>
    </p>
   </div>
  </div>
 </body>
</html>
