1824 3252
766 183 958 229 Lejeunia.
1546 189 1615 222 391

98 297 302 344 pliiyastriis
326 297 471 331 minutis
495 296 700 331 distantibus
726 297 903 344 bipartitis
935 297 1069 332 laciniis
1092 297 1262 332 subulatis
1284 300 1403 333 erectis
1427 298 1480 332 vel
1503 299 1619 333 diver-

98 356 255 401 9entibus
278 368 375 402 saepe
398 356 591 389 dimidiatis
615 363 676 389 aut
701 355 872 398 obsoletis,
900 357 1031 402 friwm
1062 357 1100 390 in
1131 357 1278 392 ramulis
1313 357 1490 391 terminali
1515 363 1549 392 et
1572 358 1622 391 ad

104 414 200 448 basin
224 427 399 449 ramorum
423 414 551 455 sessiH,
573 414 679 460 foliis
712 415 978 450 involucralibus
997 416 1237 462 perianthium
1261 415 1485 462 aequantibus
1501 416 1619 462 planis

103 474 221 509 bilobis
244 476 337 521 apice
353 473 550 516 subdatis,
579 474 778 519 pei-iantlzio
812 476 945 508 clavato
969 476 1017 508 ad
1037 475 1167 521 apicem
1191 482 1288 510 acute
1311 474 1616 521 quinquanyulari.

105 531 264 566 Gottsclze
289 534 386 567 Icon.
413 534 555 580 Lejeun.
582 533 635 568 II.
661 536 721 568 24.
737 533 791 580 ff
818 538 852 569 4.
878 537 913 568 5.

291 595 558 636 Jungermannia
599 595 707 625 tenuis
744 593 793 626 N.
818 593 860 627 ab
886 593 932 627 E.
960 593 1052 637 Hep.
1078 593 1160 627 Jav.
1180 605 1221 639 p.
1246 595 1330 627 226.
1355 605 1390 626 n.
1416 595 1475 627 39.
1533 591 1616 638 Spr.

378 652 418 686 S.
448 653 527 697 Vey.
555 652 623 688 IV.
654 655 683 686 1.
706 664 744 698 p.
768 655 850 687 218.
877 664 912 686 n.
943 655 997 687 17.

292 713 559 755 Jungermannia
597 713 764 744 cucullata
801 723 870 743 var.
903 722 928 751 γ
963 714 1072 744 tenuis
1106 712 1154 747 N.
1181 711 1223 746 ab
1250 711 1295 746 Ε.
1322 712 1451 746 Enum.
1478 710 1531 758 pl.
1568 723 1617 745 cr.

376 772 486 805 Javae
512 772 542 805 I.
562 784 601 818 p.
628 775 686 806 57.

198 829 341 864 Crescit
378 831 415 864 in
447 831 545 865 Java
582 830 706 864 insula
748 834 785 864 et
819 830 855 863 in
893 831 1043 864 Guiana
1072 829 1218 864 Gallica
1253 829 1348 872 (Hb.
1386 829 1438 863 M.
1475 833 1513 864 et
1540 829 1616 874 N.-),

105 889 287 934 Lejenniae
309 889 499 923 cucullatae
523 890 739 934 plerumque
766 889 991 923 consociata.

414 995 502 1026 200.v
547 991 808 1037 Lejeunia
835 991 1082 1036 epiphyta
1114 991 1305 1026 Gottsche.

197 1064 240 1097 L.
278 1063 372 1097 caule
409 1070 545 1109 repente
580 1062 655 1096 lacco
679 1063 837 1108 flexuoso
872 1073 954 1105 vaye
983 1073 1137 1102 ramoso,
1159 1061 1265 1106 foliis
1296 1061 1502 1096 distantibus
1532 1061 1614 1096 sub-

100 1122 318 1157 verticalibus
356 1121 519 1168 ellipticis
558 1121 742 1167 (capansis
777 1119 988 1154 subeor-datis
1025 1119 1076 1153 vel
1110 1120 1447 1166 conchaesormibus)
1490 1120 1619 1156 obtusis

100 1182 330 1225 inteye›·'›·im‘is
362 1182 487 1215 teneris
518 1183 674 1225 mar-fine
707 1179 856 1214 ventrali
878 1180 962 1225 fere
1002 1186 1070 1212 toto
1107 1178 1317 1224 complicatis
1353 1180 1465 1213 lobulo
1499 1179 1617 1225 plano,

100 1240 359 1285 ampliiglastriis
380 1239 505 1281 nullis,
525 1239 656 1284 fluctu
689 1240 725 1272 in
758 1240 867 1272 ramis
901 1237 1078 1272 terminali
1108 1238 1164 1272 vel
1195 1239 1419 1272 dichotomiae
1448 1239 1618 1284 imposito,

89 1298 194 1344 foliis
229 1298 494 1333 involucralibus
522 1297 721 1345 periantliio
764 1297 867 1343 duplo
905 1298 978 1331 min
992 1297 1094 1331 -ribus
1134 1297 1387 1342 conformibus,
1421 1298 1619 1344 periantleio

99 1358 235 1392 obvi-(tto
259 1360 307 1392 ad
329 1359 457 1404 apicem
482 1357 750 1404 quinqueni-qula
804 1357 965 1390 Gottsclze
992 1357 1086 1400 Icon.
1114 1357 1257 1403 Lejeun.
1285 1357 1355 1390 VI.
1387 1358 1442 1390 10.

199 1417 415 1452 Parasitans
440 1418 478 1451 in
506 1417 582 1463 Lej.
609 1417 784 1451 bethanica
815 1416 853 1449 in
880 1417 1008 1450 Insula
1038 1416 1093 1450 St.
1119 1416 1302 1451 Johannis
1328 1425 1444 1460 prope
1473 1413 1617 1449 Betha-

100 1477 196 1511 niam
222 1477 391 1521 (Brentel
420 1477 497 1512 Hb.
525 1478 600 1521 G.).

367 1571 451 1604 201.
500 1569 762 1615 Lejewnia
787 1568 1114 1611 subsimplcae
1146 1567 1200 1602 M.
1228 1571 1264 1601 et
1292 1566 1339 1601 N.

150 1626 157 1631 '
196 1640 237 1673 L.
284 1640 379 1674 caule
416 1647 593 1686 prostrato
627 1640 799 1685 fllg'formi
834 1638 1063 1685 subsimplici,
1100 1638 1206 1684 foliis
1253 1635 1618 1672 subsemi‘verticalibus

99 1697 289 1744 deplanatis
320 1698 392 1732 basi
427 1698 521 1732 haud
543 1698 752 1744 complicatis
785 1699 895 1732 oratis
916 1698 1043 1732 obtusis
1073 1710 1149 1731 cum
1174 1695 1376 1731 mucronulo
1401 1694 1616 1729 bimucrona-

100 1758 181 1791 tisvc
205 1758 360 1801 maryine
383 1757 496 1790 antico
521 1764 602 1791 ante
626 1758 757 1802 apicem
781 1758 1103 1803 repando-crenato,
1130 1755 1391 1802 anzpliiyastriis
1403 1753 1497 1800 folio
1514 1752 1618 1799 duplo

99 1815 314 1862 (subtriplo)
345 1816 533 1850 minoribus
569 1816 774 1851 distantibus
808 1818 915 1850 ovatis
949 1816 1173 1862 subrepandis
1203 1816 1252 1849 acl
1282 1817 1305 1857 ὲ
1330 1814 1447 1859 bifidis
1481 1813 1617 1849 laciniis

97 1874 197 1907 rectis
221 1875 342 1915 acutis,
357 1875 489 1920 fluctu
516 1900 524 1908 .
551 1901 559 1909 .
590 1901 597 1909 .
650 1875 808 1909 Gottselze
832 1876 929 1909 Icon.
957 1875 1099 1921 queun.
1128 1875 1182 1908 ΙΙ.
1208 1877 1269 1907 23.

285 1945 447 1986 Lejeunia
464 1946 676 1990 subsimplex
702 1947 819 1981 Illont.
835 1946 870 1979 in
880 1946 976 1980 Ann.
992 1947 1046 1980 cles
1064 1958 1111 1980 sc.
1126 1951 1200 1979 nat.
1232 1947 1333 1979 1843.
1354 1956 1394 1990 p.
1408 1945 1492 1977 ⁶264.
1510 1944 1614 1977 n.54.

191 2015 236 2049 In
272 2015 327 2049 St.
364 2015 585 2050 Dominicae
625 2016 749 2051 insula
788 2016 834 2050 ad
874 2016 1041 2050 frondem
1078 2013 1366 2060 Hymenophylli
1405 2012 1614 2054 cuiusdam,

96 2074 239 2119 absque
273 2074 392 2108 fructu
423 2074 518 2117 (Hb.
547 2075 602 2110 M.
635 2080 672 2109 et
707 2075 753 2110 N.
787 2086 823 2109 n.
853 2076 959 2119 268);
996 2074 1092 2110 inter
1127 2074 1310 2108 Lichenes
1344 2072 1476 2107 Indiae
1509 2071 1611 2106 occi-

97 2132 256 2167 dentalis
281 2134 375 2176 (Hb.
404 2134 517 2177 Hp.);
553 2133 589 2168 in
617 2135 746 2169 Insula
775 2134 830 2169 St.
858 2134 1050 2169 Vincentii
1078 2137 1115 2168 et
1140 2133 1176 2167 in
1204 2132 1332 2167 Insula
1359 2132 1414 2166 St.
1442 2131 1610 2166 Christo-

96 2191 214 2235 phori,
241 2201 263 2224 a
289 2202 365 2226 rev.
394 2193 546 2227 Breutel
573 2193 668 2227 lecta
695 2193 789 2236 (Hb.
818 2194 892 2236 G.).

191 2249 301 2290 Quod
328 2250 374 2284 ad
401 2251 569 2285 habitum
595 2256 632 2286 et
647 2253 807 2287 virorem
832 2253 964 2287 virenti
985 2252 1134 2286 cuidam
1158 2251 1344 2297 Lcjeuniae
1367 2247 1614 2296 serpyllifolz'ae

97 2309 239 2353 similis,
265 2309 387 2344 differt
412 2315 537 2344 autem
564 2322 584 2344 a
611 2311 798 2357 plerisque
822 2312 975 2357 reliquis
998 2310 1144 2355 generis
1170 2309 1266 2344 foliis
1293 2308 1375 2343 basi
1400 2308 1500 2342 haud
1525 2318 1612 2342 vere

103 2369 332 2414 complicatis
376 2369 440 2403 sed
475 2370 547 2404 levi
588 2371 710 2406 sinulo
753 2371 850 2405 cauli
895 2371 1065 2406 adnexis.
1134 2369 1241 2404 Retis
1281 2368 1453 2402 maculae
1499 2367 1611 2401 laxae

94 2428 271 2462 limitibus
298 2428 445 2469 crassis,
471 2429 626 2463 maculis
652 2429 939 2465 intercalaribus
965 2440 1095 2474 parum
1121 2428 1321 2464 distinctis.

189 2499 246 2533 Ab
274 2498 525 2545 Omplzalantlzi
548 2499 666 2534 debilis
691 2504 809 2535 status
835 2500 976 2537 iunior?

407 2605 491 2638 202.
541 2603 804 2649 Lejeunia
829 2605 1011 2640 cerina
1037 2606 1078 2640 L.
1106 2610 1142 2640 et
1168 2605 1284 2648 Ldbg.

188 2672 231 2705 L.
256 2672 349 2706 caule
367 2674 610 2719 procumbente
625 2675 778 2721 flexuoso
802 2675 1009 2718 subramoso‚
1037 2676 1140 2721 foliis
1165 2674 1357 2710 imbricatis
1379 2673 1607 2708 semivertica-

94 2729 181 2764 libus
221 2730 607 2767 dimidiato-cordato·
624 2734 993 2770 orbiculatoce-ovatis
1028 2736 1235 2769 acuminatis
1271 2732 1494 2779 apiculatisve
1535 2732 1608 2767 basi

91 2788 523 2836 decurrenti—complicatis
562 2793 671 2827 Iobulo
702 2795 835 2827 minuto
867 2794 989 2840 inflato
1022 2800 1200 2835 truncato,
1232 2792 1490 2839 amphiyastriis
1508 2792 1606 2838 folia

91 2846 373 2892 subaequantibus
417 2852 582 2896 contionis
615 2852 972 2898 reniformi—peltatis
1003 2860 1145 2897 anyuste
1177 2851 1293 2896 bifidis
1327 2850 1462 2885 laciniis
1494 2852 1604 2886 acuti-

92 2905 218 2940 usculis
242 2909 342 2942 rectis
365 2909 537 2944 nonnullis
560 2912 727 2954 indivisis,
742 2912 873 2957 fructu
895 2912 1032 2946 laterali
1052 2911 1232 2953 subsessili,
1253 2910 1453 2956 perianthio
1466 2910 1606 2957 oblonyo
