<?xml version="1.0" encoding="UTF-8"?>
<!DOCTYPE html PUBLIC "-//W3C//DTD XHTML 1.0 Transitional//EN"
    "http://www.w3.org/TR/xhtml1/DTD/xhtml1-transitional.dtd">
<html xmlns="http://www.w3.org/1999/xhtml" xml:lang="en" lang="en">
 <head>
  <title>
</title>
<meta http-equiv="Content-Type" content="text/html;charset=utf-8" />
  <meta name='ocr-system' content='tesseract 3.04.00' />
  <meta name='ocr-capabilities' content='ocr_page ocr_carea ocr_par ocr_line ocrx_word'/>
</head>
<body>
  <div class='ocr_page' id='page_1' title='image "./synopsishepatica00gott_0575.png"; bbox 0 0 1824 3252; ppageno 0'>
   <div class='ocr_carea' id='block_1_1' title="bbox 747 182 1591 218">
    <p class='ocr_par' dir='ltr' id='par_1_1' title="bbox 747 182 1591 218">
     <span class='ocr_line' id='line_1_1' title="bbox 747 182 1591 218; baseline 0.002 -2"><span class='ocrx_word' id='word_1_1' title='bbox 747 182 931 217; x_wconf 87' lang='lat' dir='ltr'><strong>Sauteria.</strong></span> <span class='ocrx_word' id='word_1_2' title='bbox 1527 188 1591 218; x_wconf 71' lang='lat'><strong>54}</strong></span> 
     </span>
    </p>
   </div>
   <div class='ocr_carea' id='block_1_2' title="bbox 70 291 1594 1931">
    <p class='ocr_par' dir='ltr' id='par_1_2' title="bbox 409 291 1266 346">
     <span class='ocr_line' id='line_1_2' title="bbox 409 291 1266 346; baseline 0 -12"><span class='ocrx_word' id='word_1_3' title='bbox 409 293 533 335; x_wconf 92' lang='lat' dir='ltr'>LIV.</span> <span class='ocrx_word' id='word_1_4' title='bbox 566 293 663 346; x_wconf 90' lang='lat' dir='ltr'>(V.)</span> <span class='ocrx_word' id='word_1_5' title='bbox 706 291 1005 340; x_wconf 78' lang='lat' dir='ltr'><strong>Sauteria</strong></span> <span class='ocrx_word' id='word_1_6' title='bbox 1037 292 1097 335; x_wconf 90' lang='lat' dir='ltr'><strong>N.</strong></span> <span class='ocrx_word' id='word_1_7' title='bbox 1130 294 1182 335; x_wconf 84' lang='lat' dir='ltr'><strong>ab</strong></span> <span class='ocrx_word' id='word_1_8' title='bbox 1215 293 1266 335; x_wconf 91' lang='lat' dir='ltr'><strong>E.</strong></span> 
     </span>
    </p>

    <p class='ocr_par' dir='ltr' id='par_1_3' title="bbox 81 355 1594 642">
     <span class='ocr_line' id='line_1_3' title="bbox 86 355 1592 409; baseline 0.003 -14"><span class='ocrx_word' id='word_1_9' title='bbox 86 362 176 407; x_wconf 79' lang='lat' dir='ltr'><strong>Hep.</strong></span> <span class='ocrx_word' id='word_1_10' title='bbox 193 361 282 395; x_wconf 78' lang='lat' dir='ltr'><strong>Eur.</strong></span> <span class='ocrx_word' id='word_1_11' title='bbox 298 361 367 396; x_wconf 91' lang='lat' dir='ltr'><strong>IV.</strong></span> <span class='ocrx_word' id='word_1_12' title='bbox 389 374 428 408; x_wconf 83' lang='lat' dir='ltr'>p.</span> <span class='ocrx_word' id='word_1_13' title='bbox 443 355 581 397; x_wconf 88' lang='lat' dir='ltr'>XXX.</span> <span class='ocrx_word' id='word_1_14' title='bbox 601 368 633 396; x_wconf 81' lang='lat' dir='ltr'><strong>et</strong></span> <span class='ocrx_word' id='word_1_15' title='bbox 651 366 729 397; x_wconf 88' lang='grc'><strong>139.</strong></span> <span class='ocrx_word' id='word_1_16' title='bbox 756 375 791 396; x_wconf 91' lang='lat' dir='ltr'>n.</span> <span class='ocrx_word' id='word_1_17' title='bbox 810 363 857 396; x_wconf 89' lang='lat' dir='ltr'><strong>V.</strong></span> <span class='ocrx_word' id='word_1_18' title='bbox 911 362 1099 396; x_wconf 77' lang='lat' dir='ltr'><strong>Enclliclzer</strong></span> <span class='ocrx_word' id='word_1_19' title='bbox 1120 362 1205 396; x_wconf 84' lang='lat' dir='ltr'><strong>Gen.</strong></span> <span class='ocrx_word' id='word_1_20' title='bbox 1226 375 1263 408; x_wconf 78' lang='lat' dir='ltr'>p.</span> <span class='ocrx_word' id='word_1_21' title='bbox 1282 365 1383 398; x_wconf 86' lang='lat'>1338.</span> <span class='ocrx_word' id='word_1_22' title='bbox 1419 376 1453 399; x_wconf 88' lang='lat' dir='ltr'>n.</span> <span class='ocrx_word' id='word_1_23' title='bbox 1471 366 1592 409; x_wconf 18' lang='lat'>46371&#39;1.</span> 
     </span>
     <span class='ocr_line' id='line_1_4' title="bbox 83 420 1593 467; baseline 0.003 -12"><span class='ocrx_word' id='word_1_24' title='bbox 83 422 274 466; x_wconf 67' lang='lat' dir='ltr'><strong>lilontayne</strong></span> <span class='ocrx_word' id='word_1_25' title='bbox 300 422 336 455; x_wconf 80' lang='lat' dir='ltr'><strong>in</strong></span> <span class='ocrx_word' id='word_1_26' title='bbox 361 420 558 467; x_wconf 68' lang='lat' dir='ltr'><strong>cl‘Orbiyny</strong></span> <span class='ocrx_word' id='word_1_27' title='bbox 579 421 659 467; x_wconf 71' lang='lat' dir='ltr'>Voy.</span> <span class='ocrx_word' id='word_1_28' title='bbox 677 422 761 455; x_wconf 79' lang='lat' dir='ltr'><strong>(lans</strong></span> <span class='ocrx_word' id='word_1_29' title='bbox 780 421 930 454; x_wconf 60' lang='lat' dir='ltr'><strong>l&#39;Amir.</strong></span> <span class='ocrx_word' id='word_1_30' title='bbox 948 422 1069 455; x_wconf 69' lang='lat' dir='ltr'><strong>nzirid.</strong></span> <span class='ocrx_word' id='word_1_31' title='bbox 1097 421 1180 455; x_wconf 86' lang='lat' dir='ltr'>Bot.</span> <span class='ocrx_word' id='word_1_32' title='bbox 1196 434 1234 466; x_wconf 83' lang='lat' dir='ltr'>p.</span> <span class='ocrx_word' id='word_1_33' title='bbox 1258 424 1316 456; x_wconf 75' lang='lat'><strong>54.</strong></span> <span class='ocrx_word' id='word_1_34' title='bbox 1367 422 1593 459; x_wconf 85' lang='lat' dir='ltr'><strong>Lunulariae</strong></span> 
     </span>
     <span class='ocr_line' id='line_1_5' title="bbox 83 479 1594 529; baseline 0.003 -16"><span class='ocrx_word' id='word_1_35' title='bbox 83 491 185 524; x_wconf 84' lang='lat' dir='ltr'><strong>spec.</strong></span> <span class='ocrx_word' id='word_1_36' title='bbox 216 481 262 514; x_wconf 69' lang='lat' dir='ltr'><strong>lv,</strong></span> <span class='ocrx_word' id='word_1_37' title='bbox 288 479 330 513; x_wconf 76' lang='lat' dir='ltr'><strong>al)</strong></span> <span class='ocrx_word' id='word_1_38' title='bbox 348 480 396 515; x_wconf 89' lang='grc' dir='ltr'><strong>Ε.</strong></span> <span class='ocrx_word' id='word_1_39' title='bbox 423 487 455 514; x_wconf 81' lang='lat' dir='ltr'><strong>et</strong></span> <span class='ocrx_word' id='word_1_40' title='bbox 476 480 651 526; x_wconf 70' lang='lat' dir='ltr'><strong>Bisequff.</strong></span> <span class='ocrx_word' id='word_1_41' title='bbox 677 482 714 513; x_wconf 83' lang='lat' dir='ltr'><strong>in</strong></span> <span class='ocrx_word' id='word_1_42' title='bbox 731 481 837 514; x_wconf 76' lang='grc' dir='ltr'><strong>Βίαν.</strong></span> <span class='ocrx_word' id='word_1_43' title='bbox 853 480 994 513; x_wconf 69' lang='grc' dir='ltr'><strong>Βαιὶεὒ.</strong></span> <span class='ocrx_word' id='word_1_44' title='bbox 1024 482 1126 514; x_wconf 86' lang='grc'><strong>1830.</strong></span> <span class='ocrx_word' id='word_1_45' title='bbox 1153 480 1205 514; x_wconf 90' lang='lat'><strong>11.</strong></span> <span class='ocrx_word' id='word_1_46' title='bbox 1226 492 1265 525; x_wconf 81' lang='lat' dir='ltr'>p.</span> <span class='ocrx_word' id='word_1_47' title='bbox 1290 484 1372 515; x_wconf 87' lang='lat'>399.</span> <span class='ocrx_word' id='word_1_48' title='bbox 1422 482 1594 529; x_wconf 72' lang='lat' dir='ltr'><strong>Biselaeqff&#39;.</strong></span> 
     </span>
     <span class='ocr_line' id='line_1_6' title="bbox 81 538 1591 585; baseline 0.001 -11"><span class='ocrx_word' id='word_1_49' title='bbox 81 541 119 574; x_wconf 80' lang='lat' dir='ltr'><strong>de</strong></span> <span class='ocrx_word' id='word_1_50' title='bbox 145 540 275 585; x_wconf 76' lang='lat' dir='ltr'><strong>Hepat.</strong></span> <span class='ocrx_word' id='word_1_51' title='bbox 290 539 326 572; x_wconf 84' lang='lat' dir='ltr'><strong>in</strong></span> <span class='ocrx_word' id='word_1_52' title='bbox 342 539 428 572; x_wconf 80' lang='lat' dir='ltr'>Nov.</span> <span class='ocrx_word' id='word_1_53' title='bbox 457 539 539 572; x_wconf 78' lang='lat' dir='ltr'>Aet.</span> <span class='ocrx_word' id='word_1_54' title='bbox 566 539 635 573; x_wconf 84' lang='lat' dir='ltr'><strong>Ac.</strong></span> <span class='ocrx_word' id='word_1_55' title='bbox 664 539 748 572; x_wconf 80' lang='lat' dir='ltr'>Nat.</span> <span class='ocrx_word' id='word_1_56' title='bbox 769 538 853 572; x_wconf 77' lang='lat' dir='ltr'>Cur.</span> <span class='ocrx_word' id='word_1_57' title='bbox 877 538 1011 572; x_wconf 85' lang='lat' dir='ltr'><strong>XVII.</strong></span> <span class='ocrx_word' id='word_1_58' title='bbox 1037 541 1071 572; x_wconf 81' lang='lat'><strong>2.</strong></span> <span class='ocrx_word' id='word_1_59' title='bbox 1092 551 1131 584; x_wconf 80' lang='lat' dir='ltr'>p.</span> <span class='ocrx_word' id='word_1_60' title='bbox 1152 541 1256 573; x_wconf 79' lang='lat'>1015.</span> <span class='ocrx_word' id='word_1_61' title='bbox 1285 545 1309 572; x_wconf 86' lang='lat' dir='ltr'><strong>t.</strong></span> <span class='ocrx_word' id='word_1_62' title='bbox 1334 540 1446 585; x_wconf 83' lang='lat' dir='ltr'>67.f.</span> <span class='ocrx_word' id='word_1_63' title='bbox 1462 544 1591 576; x_wconf 75' lang='lat'>22—28.</span> 
     </span>
     <span class='ocr_line' id='line_1_7' title="bbox 84 596 1298 642; baseline -0.002 -10"><span class='ocrx_word' id='word_1_64' title='bbox 84 600 254 642; x_wconf 84' lang='lat' dir='ltr'><strong>Hampea</strong></span> <span class='ocrx_word' id='word_1_65' title='bbox 284 600 330 633; x_wconf 87' lang='grc' dir='ltr'><strong>Ν.</strong></span> <span class='ocrx_word' id='word_1_66' title='bbox 357 597 399 631; x_wconf 77' lang='lat' dir='ltr'><strong>ab</strong></span> <span class='ocrx_word' id='word_1_67' title='bbox 427 598 473 631; x_wconf 87' lang='lat' dir='ltr'><strong>E.</strong></span> <span class='ocrx_word' id='word_1_68' title='bbox 500 598 535 631; x_wconf 79' lang='lat' dir='ltr'><strong>in</strong></span> <span class='ocrx_word' id='word_1_69' title='bbox 561 598 670 632; x_wconf 66' lang='lat' dir='ltr'><strong>selred.</strong></span> <span class='ocrx_word' id='word_1_70' title='bbox 697 596 956 638; x_wconf 80' lang='lat' dir='ltr'><strong>Marchantiae</strong></span> <span class='ocrx_word' id='word_1_71' title='bbox 983 608 1082 640; x_wconf 88' lang='lat' dir='ltr'><strong>spec.</strong></span> <span class='ocrx_word' id='word_1_72' title='bbox 1111 596 1298 642; x_wconf 65' lang='lat' dir='ltr'><strong>Sommevf.</strong></span> 
     </span>
    </p>

    <p class='ocr_par' dir='ltr' id='par_1_4' title="bbox 74 654 1593 1285">
     <span class='ocr_line' id='line_1_8' title="bbox 178 654 1593 701; baseline 0.001 -11"><span class='ocrx_word' id='word_1_73' title='bbox 178 656 469 701; x_wconf 80' lang='lat' dir='ltr'><strong>Receptaculum</strong></span> <span class='ocrx_word' id='word_1_74' title='bbox 498 656 693 690; x_wconf 89' lang='lat' dir='ltr'><strong>femineum</strong></span> <span class='ocrx_word' id='word_1_75' title='bbox 721 655 1032 699; x_wconf 84' lang='lat' dir='ltr'><strong>pedunculatum,</strong></span> <span class='ocrx_word' id='word_1_76' title='bbox 1059 654 1470 699; x_wconf 85' lang='lat' dir='ltr'><strong>bi-quadripartitum‚</strong></span> <span class='ocrx_word' id='word_1_77' title='bbox 1498 657 1593 691; x_wconf 90' lang='lat' dir='ltr'><strong>lobis</strong></span> 
     </span>
     <span class='ocr_line' id='line_1_9' title="bbox 82 713 1588 759; baseline 0.001 -10"><span class='ocrx_word' id='word_1_78' title='bbox 82 716 278 750; x_wconf 77' lang='lat' dir='ltr'><strong>fructiferis</strong></span> <span class='ocrx_word' id='word_1_79' title='bbox 305 726 421 759; x_wconf 88' lang='lat' dir='ltr'><strong>usque</strong></span> <span class='ocrx_word' id='word_1_80' title='bbox 448 715 494 748; x_wconf 83' lang='lat' dir='ltr'><strong>ad</strong></span> <span class='ocrx_word' id='word_1_81' title='bbox 522 715 629 748; x_wconf 86' lang='lat' dir='ltr'><strong>basin</strong></span> <span class='ocrx_word' id='word_1_82' title='bbox 657 714 847 755; x_wconf 81' lang='lat' dir='ltr'><strong>discretis,</strong></span> <span class='ocrx_word' id='word_1_83' title='bbox 886 713 999 746; x_wconf 86' lang='lat' dir='ltr'><strong>radiis</strong></span> <span class='ocrx_word' id='word_1_84' title='bbox 1025 713 1230 748; x_wconf 84' lang='lat' dir='ltr'><strong>interiectis</strong></span> <span class='ocrx_word' id='word_1_85' title='bbox 1258 714 1369 748; x_wconf 90' lang='lat' dir='ltr'><strong>nullis</strong></span> <span class='ocrx_word' id='word_1_86' title='bbox 1396 719 1460 749; x_wconf 84' lang='lat' dir='ltr'><strong>aut</strong></span> <span class='ocrx_word' id='word_1_87' title='bbox 1493 716 1588 750; x_wconf 89' lang='lat' dir='ltr'><strong>deu-</strong></span> 
     </span>
     <span class='ocr_line' id='line_1_10' title="bbox 82 772 1589 818; baseline 0.001 -11"><span class='ocrx_word' id='word_1_88' title='bbox 82 776 382 809; x_wconf 74' lang='lat' dir='ltr'><strong>ticuliforniibus.</strong></span> <span class='ocrx_word' id='word_1_89' title='bbox 440 773 684 808; x_wconf 87' lang='lat' dir='ltr'><strong>Pedunculus</strong></span> <span class='ocrx_word' id='word_1_90' title='bbox 721 772 840 806; x_wconf 85' lang='lat' dir='ltr'><strong>frondi</strong></span> <span class='ocrx_word' id='word_1_91' title='bbox 874 772 1093 813; x_wconf 86' lang='lat' dir='ltr'><strong>continuus,</strong></span> <span class='ocrx_word' id='word_1_92' title='bbox 1131 772 1211 806; x_wconf 89' lang='lat' dir='ltr'><strong>basi</strong></span> <span class='ocrx_word' id='word_1_93' title='bbox 1246 773 1389 815; x_wconf 88' lang='lat' dir='ltr'><strong>nudus,</strong></span> <span class='ocrx_word' id='word_1_94' title='bbox 1435 775 1589 818; x_wconf 82' lang='lat' dir='ltr'><strong>pallens.</strong></span> 
     </span>
     <span class='ocr_line' id='line_1_11' title="bbox 80 830 1589 877; baseline 0.002 -12"><span class='ocrx_word' id='word_1_95' title='bbox 80 833 278 867; x_wconf 77' lang='lat' dir='ltr'><strong>involucra</strong></span> <span class='ocrx_word' id='word_1_96' title='bbox 311 837 364 866; x_wconf 88' lang='lat' dir='ltr'><strong>tot</strong></span> <span class='ocrx_word' id='word_1_97' title='bbox 398 837 488 877; x_wconf 84' lang='lat' dir='ltr'><strong>quot</strong></span> <span class='ocrx_word' id='word_1_98' title='bbox 513 832 608 873; x_wconf 90' lang='lat' dir='ltr'><strong>lobi,</strong></span> <span class='ocrx_word' id='word_1_99' title='bbox 654 843 738 865; x_wconf 86' lang='lat' dir='ltr'><strong>cum</strong></span> <span class='ocrx_word' id='word_1_100' title='bbox 764 831 849 865; x_wconf 92' lang='lat' dir='ltr'><strong>lobo</strong></span> <span class='ocrx_word' id='word_1_101' title='bbox 875 842 941 864; x_wconf 92' lang='lat' dir='ltr'><strong>suo</strong></span> <span class='ocrx_word' id='word_1_102' title='bbox 968 831 1096 864; x_wconf 78' lang='lat' dir='ltr'><strong>tubum</strong></span> <span class='ocrx_word' id='word_1_103' title='bbox 1125 830 1352 865; x_wconf 83' lang='lat' dir='ltr'><strong>declinatum</strong></span> <span class='ocrx_word' id='word_1_104' title='bbox 1380 832 1589 873; x_wconf 80' lang='lat' dir='ltr'>formantia,</span> 
     </span>
     <span class='ocr_line' id='line_1_12' title="bbox 79 889 1586 935; baseline 0.001 -10"><span class='ocrx_word' id='word_1_105' title='bbox 79 892 160 934; x_wconf 88' lang='lat' dir='ltr'><strong>plus</strong></span> <span class='ocrx_word' id='word_1_106' title='bbox 187 892 308 925; x_wconf 86' lang='lat' dir='ltr'><strong>minus</strong></span> <span class='ocrx_word' id='word_1_107' title='bbox 335 891 513 931; x_wconf 87' lang='lat' dir='ltr'><strong>discreta,</strong></span> <span class='ocrx_word' id='word_1_108' title='bbox 540 901 602 923; x_wconf 88' lang='lat' dir='ltr'><strong>ore</strong></span> <span class='ocrx_word' id='word_1_109' title='bbox 629 890 703 924; x_wconf 90' lang='lat' dir='ltr'><strong>lato</strong></span> <span class='ocrx_word' id='word_1_110' title='bbox 730 889 959 924; x_wconf 79' lang='lat' dir='ltr'><strong>dehiscentia</strong></span> <span class='ocrx_word' id='word_1_111' title='bbox 986 889 1196 934; x_wconf 85' lang='lat' dir='ltr'>pileumque</span> <span class='ocrx_word' id='word_1_112' title='bbox 1224 890 1586 935; x_wconf 87' lang='lat' dir='ltr'><strong>bi-quinqueparti-</strong></span> 
     </span>
     <span class='ocr_line' id='line_1_13' title="bbox 78 945 1586 995; baseline 0.002 -13"><span class='ocrx_word' id='word_1_113' title='bbox 78 955 153 982; x_wconf 81' lang='lat' dir='ltr'><strong>tum</strong></span> <span class='ocrx_word' id='word_1_114' title='bbox 189 949 429 989; x_wconf 81' lang='lat' dir='ltr'>exhibentia,</span> <span class='ocrx_word' id='word_1_115' title='bbox 477 958 714 991; x_wconf 85' lang='lat' dir='ltr'><strong>monocarpa.</strong></span> <span class='ocrx_word' id='word_1_116' title='bbox 779 945 1037 981; x_wconf 80' lang='lat' dir='ltr'><strong>Perianthium</strong></span> <span class='ocrx_word' id='word_1_117' title='bbox 1075 949 1227 983; x_wconf 86' lang='lat' dir='ltr'><strong>nullum.</strong></span> <span class='ocrx_word' id='word_1_118' title='bbox 1290 951 1466 994; x_wconf 81' lang='lat' dir='ltr'><strong>Calyptra</strong></span> <span class='ocrx_word' id='word_1_119' title='bbox 1501 963 1586 995; x_wconf 90' lang='lat' dir='ltr'><strong>per-</strong></span> 
     </span>
     <span class='ocr_line' id='line_1_14' title="bbox 76 1006 1587 1051; baseline 0.002 -11"><span class='ocrx_word' id='word_1_120' title='bbox 76 1008 229 1049; x_wconf 84' lang='lat' dir='ltr'><strong>sistens,</strong></span> <span class='ocrx_word' id='word_1_121' title='bbox 277 1007 796 1051; x_wconf 49' lang='lat' dir='ltr'><strong>pyriformi-campanulfltffi</strong></span> <span class='ocrx_word' id='word_1_122' title='bbox 842 1006 1094 1048; x_wconf 78' lang='lat' dir='ltr'><strong>irregulariter</strong></span> <span class='ocrx_word' id='word_1_123' title='bbox 1130 1018 1322 1050; x_wconf 82' lang='lat' dir='ltr'><strong>rumpens,</strong></span> <span class='ocrx_word' id='word_1_124' title='bbox 1357 1009 1587 1043; x_wconf 79' lang='lat' dir='ltr'><strong>involucrum</strong></span> 
     </span>
     <span class='ocr_line' id='line_1_15' title="bbox 76 1065 1587 1112; baseline 0.003 -14"><span class='ocrx_word' id='word_1_125' title='bbox 76 1065 292 1110; x_wconf 86' lang='lat' dir='ltr'><strong>adaequans</strong></span> <span class='ocrx_word' id='word_1_126' title='bbox 310 1066 481 1109; x_wconf 90' lang='lat' dir='ltr'><strong>paullove</strong></span> <span class='ocrx_word' id='word_1_127' title='bbox 499 1066 696 1100; x_wconf 84' lang='lat' dir='ltr'><strong>excedens.</strong></span> <span class='ocrx_word' id='word_1_128' title='bbox 733 1065 896 1108; x_wconf 87' lang='lat' dir='ltr'><strong>Capsula</strong></span> <span class='ocrx_word' id='word_1_129' title='bbox 914 1065 1079 1107; x_wconf 85' lang='lat' dir='ltr'><strong>globosa,</strong></span> <span class='ocrx_word' id='word_1_130' title='bbox 1107 1066 1587 1112; x_wconf 82' lang='lat' dir='ltr'><strong>semiquadri-sex-valvis,</strong></span> 
     </span>
     <span class='ocr_line' id='line_1_16' title="bbox 74 1124 1587 1169; baseline 0.003 -13"><span class='ocrx_word' id='word_1_131' title='bbox 74 1124 318 1165; x_wconf 83' lang='lat' dir='ltr'><strong>pedicellata‚</strong></span> <span class='ocrx_word' id='word_1_132' title='bbox 356 1124 539 1168; x_wconf 90' lang='lat' dir='ltr'><strong>pedicello</strong></span> <span class='ocrx_word' id='word_1_133' title='bbox 578 1125 782 1168; x_wconf 84' lang='lat' dir='ltr'><strong>calyptram</strong></span> <span class='ocrx_word' id='word_1_134' title='bbox 816 1124 915 1157; x_wconf 84' lang='lat' dir='ltr'><strong>haud</strong></span> <span class='ocrx_word' id='word_1_135' title='bbox 950 1128 1151 1166; x_wconf 80' lang='lat' dir='ltr'><strong>superante</strong></span> <span class='ocrx_word' id='word_1_136' title='bbox 1189 1125 1333 1169; x_wconf 86' lang='lat' dir='ltr'><strong>aequali</strong></span> <span class='ocrx_word' id='word_1_137' title='bbox 1370 1126 1450 1160; x_wconf 85' lang='lat' dir='ltr'><strong>basi</strong></span> <span class='ocrx_word' id='word_1_138' title='bbox 1489 1128 1587 1161; x_wconf 90' lang='lat' dir='ltr'><strong>haud</strong></span> 
     </span>
     <span class='ocr_line' id='line_1_17' title="bbox 75 1182 1585 1228; baseline 0.005 -14"><span class='ocrx_word' id='word_1_139' title='bbox 75 1182 234 1216; x_wconf 81' lang='lat' dir='ltr'><strong>solubili.</strong></span> <span class='ocrx_word' id='word_1_140' title='bbox 275 1183 441 1217; x_wconf 84' lang='lat' dir='ltr'><strong>Elateres</strong></span> <span class='ocrx_word' id='word_1_141' title='bbox 461 1184 507 1216; x_wconf 89' lang='lat' dir='ltr'><strong>ad</strong></span> <span class='ocrx_word' id='word_1_142' title='bbox 524 1184 630 1217; x_wconf 88' lang='lat' dir='ltr'><strong>basin</strong></span> <span class='ocrx_word' id='word_1_143' title='bbox 652 1183 828 1226; x_wconf 82' lang='lat' dir='ltr'><strong>capsulae</strong></span> <span class='ocrx_word' id='word_1_144' title='bbox 854 1182 1069 1223; x_wconf 74' lang='lat' dir='ltr'><strong>residentes,</strong></span> <span class='ocrx_word' id='word_1_145' title='bbox 1096 1182 1397 1228; x_wconf 80' lang='lat' dir='ltr'><strong>bi-quadrispiri,</strong></span> <span class='ocrx_word' id='word_1_146' title='bbox 1425 1185 1585 1221; x_wconf 90' lang='lat' dir='ltr'><strong>decidui.</strong></span> 
     </span>
     <span class='ocr_line' id='line_1_18' title="bbox 76 1240 1459 1285; baseline 0.002 -12"><span class='ocrx_word' id='word_1_147' title='bbox 76 1240 354 1275; x_wconf 82' lang='lat' dir='ltr'><strong>Inssoresccntia</strong></span> <span class='ocrx_word' id='word_1_148' title='bbox 378 1242 586 1275; x_wconf 85' lang='lat' dir='ltr'><strong>masculina</strong></span> <span class='ocrx_word' id='word_1_149' title='bbox 613 1242 752 1284; x_wconf 79' lang='lat' dir='ltr'><strong>ignota.</strong></span> <span class='ocrx_word' id='word_1_150' title='bbox 805 1242 1020 1284; x_wconf 80' lang='lat' dir='ltr'><strong>Apparatus</strong></span> <span class='ocrx_word' id='word_1_151' title='bbox 1047 1242 1297 1285; x_wconf 78' lang='lat' dir='ltr'><strong>gemmiparus</strong></span> <span class='ocrx_word' id='word_1_152' title='bbox 1324 1243 1459 1277; x_wconf 89' lang='lat' dir='ltr'><strong>nullus.</strong></span> 
     </span>
    </p>

    <p class='ocr_par' dir='ltr' id='par_1_5' title="bbox 70 1298 1586 1510">
     <span class='ocr_line' id='line_1_19' title="bbox 166 1298 1583 1344; baseline 0.004 -11"><span class='ocrx_word' id='word_1_153' title='bbox 166 1300 365 1342; x_wconf 81' lang='lat' dir='ltr'><strong>Vegetatio</strong></span> <span class='ocrx_word' id='word_1_154' title='bbox 403 1300 597 1340; x_wconf 86' lang='lat' dir='ltr'><strong>frondosa,</strong></span> <span class='ocrx_word' id='word_1_155' title='bbox 636 1299 789 1333; x_wconf 85' lang='lat' dir='ltr'><strong>Ricciae</strong></span> <span class='ocrx_word' id='word_1_156' title='bbox 832 1298 982 1341; x_wconf 84' lang='lat' dir='ltr'><strong>similis,</strong></span> <span class='ocrx_word' id='word_1_157' title='bbox 1033 1300 1263 1344; x_wconf 86' lang='lat' dir='ltr'><strong>subsimplex</strong></span> <span class='ocrx_word' id='word_1_158' title='bbox 1304 1302 1456 1344; x_wconf 85' lang='lat' dir='ltr'><strong>apiceve</strong></span> <span class='ocrx_word' id='word_1_159' title='bbox 1494 1315 1583 1338; x_wconf 90' lang='lat' dir='ltr'><strong>con-</strong></span> 
     </span>
     <span class='ocr_line' id='line_1_20' title="bbox 73 1357 1585 1405; baseline 0.004 -14"><span class='ocrx_word' id='word_1_160' title='bbox 73 1359 200 1397; x_wconf 78' lang='lat' dir='ltr'><strong>tinua,</strong></span> <span class='ocrx_word' id='word_1_161' title='bbox 235 1364 339 1394; x_wconf 77' lang='lat' dir='ltr'><strong>costa</strong></span> <span class='ocrx_word' id='word_1_162' title='bbox 373 1359 494 1392; x_wconf 86' lang='lat' dir='ltr'><strong>media</strong></span> <span class='ocrx_word' id='word_1_163' title='bbox 532 1359 655 1400; x_wconf 85' lang='lat' dir='ltr'><strong>nulla,</strong></span> <span class='ocrx_word' id='word_1_164' title='bbox 700 1358 895 1401; x_wconf 84' lang='lat' dir='ltr'><strong>superficie</strong></span> <span class='ocrx_word' id='word_1_165' title='bbox 933 1357 1332 1402; x_wconf 85' lang='lat' dir='ltr'><strong>papilloso-areolata</strong></span> <span class='ocrx_word' id='word_1_166' title='bbox 1370 1364 1406 1393; x_wconf 87' lang='lat' dir='ltr'><strong>et</strong></span> <span class='ocrx_word' id='word_1_167' title='bbox 1438 1373 1585 1405; x_wconf 83' lang='lat' dir='ltr'><strong>porosa,</strong></span> 
     </span>
     <span class='ocr_line' id='line_1_21' title="bbox 72 1416 1586 1464; baseline 0.004 -14"><span class='ocrx_word' id='word_1_168' title='bbox 72 1417 231 1461; x_wconf 88' lang='lat' dir='ltr'><strong>denique</strong></span> <span class='ocrx_word' id='word_1_169' title='bbox 265 1418 630 1459; x_wconf 88' lang='lat' dir='ltr'><strong>lacero-lacunosa,</strong></span> <span class='ocrx_word' id='word_1_170' title='bbox 673 1417 804 1451; x_wconf 89' lang='lat' dir='ltr'><strong>subtus</strong></span> <span class='ocrx_word' id='word_1_171' title='bbox 842 1416 1097 1461; x_wconf 82' lang='lat' dir='ltr'><strong>squamigera‚</strong></span> <span class='ocrx_word' id='word_1_172' title='bbox 1132 1422 1248 1452; x_wconf 87' lang='lat' dir='ltr'><strong>strato</strong></span> <span class='ocrx_word' id='word_1_173' title='bbox 1281 1418 1472 1464; x_wconf 83' lang='lat' dir='ltr'><strong>hypoporo</strong></span> <span class='ocrx_word' id='word_1_174' title='bbox 1511 1423 1586 1456; x_wconf 83' lang='lat' dir='ltr'><strong>alto</strong></span> 
     </span>
     <span class='ocr_line' id='line_1_22' title="bbox 70 1486 285 1510; baseline 0.014 -3"><span class='ocrx_word' id='word_1_175' title='bbox 70 1486 285 1510; x_wconf 84' lang='lat' dir='ltr'><strong>cavernoso.</strong></span> 
     </span>
    </p>

    <p class='ocr_par' dir='ltr' id='par_1_6' title="bbox 169 1535 1388 1580">
     <span class='ocr_line' id='line_1_23' title="bbox 169 1535 1388 1580; baseline 0.005 -13"><span class='ocrx_word' id='word_1_176' title='bbox 169 1535 326 1569; x_wconf 78' lang='lat' dir='ltr'>Plantae</span> <span class='ocrx_word' id='word_1_177' title='bbox 354 1535 549 1579; x_wconf 84' lang='lat' dir='ltr'><strong>alpigenae</strong></span> <span class='ocrx_word' id='word_1_178' title='bbox 575 1546 714 1580; x_wconf 87' lang='lat' dir='ltr'><strong>parvae</strong></span> <span class='ocrx_word' id='word_1_179' title='bbox 739 1535 840 1570; x_wconf 86' lang='lat' dir='ltr'><strong>humi</strong></span> <span class='ocrx_word' id='word_1_180' title='bbox 867 1535 962 1569; x_wconf 88' lang='lat' dir='ltr'><strong>inter</strong></span> <span class='ocrx_word' id='word_1_181' title='bbox 989 1546 1137 1570; x_wconf 84' lang='lat' dir='ltr'><strong>muscos</strong></span> <span class='ocrx_word' id='word_1_182' title='bbox 1164 1541 1388 1573; x_wconf 81' lang='lat' dir='ltr'><strong>crescentes.</strong></span> 
     </span>
    </p>

    <p class='ocr_par' dir='ltr' id='par_1_7' title="bbox 74 1593 1584 1695">
     <span class='ocr_line' id='line_1_24' title="bbox 168 1593 1584 1641; baseline 0.004 -14"><span class='ocrx_word' id='word_1_183' title='bbox 168 1593 321 1636; x_wconf 86' lang='lat' dir='ltr'><strong>Species</strong></span> <span class='ocrx_word' id='word_1_184' title='bbox 347 1594 457 1635; x_wconf 85' lang='lat' dir='ltr'><strong>duae,</strong></span> <span class='ocrx_word' id='word_1_185' title='bbox 484 1605 559 1627; x_wconf 86' lang='lat' dir='ltr'><strong>una</strong></span> <span class='ocrx_word' id='word_1_186' title='bbox 581 1595 617 1628; x_wconf 85' lang='lat' dir='ltr'><strong>in</strong></span> <span class='ocrx_word' id='word_1_187' title='bbox 646 1595 818 1638; x_wconf 81' lang='lat' dir='ltr'><strong>Europae</strong></span> <span class='ocrx_word' id='word_1_188' title='bbox 844 1598 920 1628; x_wconf 82' lang='lat' dir='ltr'><strong>tam</strong></span> <span class='ocrx_word' id='word_1_189' title='bbox 947 1595 1246 1638; x_wconf 84' lang='lat' dir='ltr'><strong>septentrionalis</strong></span> <span class='ocrx_word' id='word_1_190' title='bbox 1272 1607 1382 1641; x_wconf 88' lang='lat' dir='ltr'><strong>quam</strong></span> <span class='ocrx_word' id='word_1_191' title='bbox 1411 1599 1584 1632; x_wconf 84' lang='lat' dir='ltr'><strong>australis</strong></span> 
     </span>
     <span class='ocr_line' id='line_1_25' title="bbox 74 1651 1203 1695; baseline 0.004 -11"><span class='ocrx_word' id='word_1_192' title='bbox 74 1651 230 1695; x_wconf 76' lang='lat' dir='ltr'><strong>alpibus,</strong></span> <span class='ocrx_word' id='word_1_193' title='bbox 258 1653 373 1687; x_wconf 84' lang='lat' dir='ltr'><strong>altera</strong></span> <span class='ocrx_word' id='word_1_194' title='bbox 400 1652 436 1686; x_wconf 91' lang='lat' dir='ltr'><strong>in</strong></span> <span class='ocrx_word' id='word_1_195' title='bbox 463 1652 648 1687; x_wconf 90' lang='lat' dir='ltr'><strong>montanis</strong></span> <span class='ocrx_word' id='word_1_196' title='bbox 674 1653 778 1695; x_wconf 81' lang='lat' dir='ltr'><strong>regni</strong></span> <span class='ocrx_word' id='word_1_197' title='bbox 806 1652 992 1686; x_wconf 87' lang='lat' dir='ltr'><strong>Chilensis</strong></span> <span class='ocrx_word' id='word_1_198' title='bbox 1019 1664 1203 1689; x_wconf 85' lang='lat' dir='ltr'><strong>crescens.</strong></span> 
     </span>
    </p>

    <p class='ocr_par' dir='ltr' id='par_1_8' title="bbox 451 1711 1218 1754">
     <span class='ocr_line' id='line_1_26' title="bbox 451 1711 1218 1754; baseline 0.004 -10"><span class='ocrx_word' id='word_1_199' title='bbox 451 1713 484 1745; x_wconf 93' lang='lat' dir='ltr'>l.</span> <span class='ocrx_word' id='word_1_200' title='bbox 535 1712 788 1746; x_wconf 62' lang='lat' dir='ltr'><strong>Saulem-ia</strong></span> <span class='ocrx_word' id='word_1_201' title='bbox 814 1712 1001 1754; x_wconf 74' lang='lat' dir='ltr'><strong>alpina</strong></span> <span class='ocrx_word' id='word_1_202' title='bbox 1028 1711 1074 1745; x_wconf 92' lang='lat' dir='ltr'><strong>N.</strong></span> <span class='ocrx_word' id='word_1_203' title='bbox 1101 1713 1148 1746; x_wconf 88' lang='lat' dir='ltr'><strong>ab</strong></span> <span class='ocrx_word' id='word_1_204' title='bbox 1175 1713 1218 1748; x_wconf 85' lang='lat' dir='ltr'><strong>E.</strong></span> 
     </span>
    </p>

    <p class='ocr_par' dir='ltr' id='par_1_9' title="bbox 70 1768 1581 1931">
     <span class='ocr_line' id='line_1_27' title="bbox 167 1768 1581 1820; baseline 0.005 -18"><span class='ocrx_word' id='word_1_205' title='bbox 167 1769 205 1802; x_wconf 80' lang='lat' dir='ltr'>S.</span> <span class='ocrx_word' id='word_1_206' title='bbox 221 1769 423 1815; x_wconf 75' lang='lat' dir='ltr'><strong>receptaculi</strong></span> <span class='ocrx_word' id='word_1_207' title='bbox 438 1770 589 1816; x_wconf 77' lang='lat' dir='ltr'><strong>feminei</strong></span> <span class='ocrx_word' id='word_1_208' title='bbox 604 1769 751 1814; x_wconf 51' lang='lat' dir='ltr'><strong>lohes-(4</strong></span> <span class='ocrx_word' id='word_1_209' title='bbox 763 1768 842 1815; x_wconf 79' lang='lat' dir='ltr'><strong>-G)</strong></span> <span class='ocrx_word' id='word_1_210' title='bbox 855 1783 957 1815; x_wconf 83' lang='lat' dir='ltr'><strong>usque</strong></span> <span class='ocrx_word' id='word_1_211' title='bbox 981 1771 1029 1804; x_wconf 83' lang='lat' dir='ltr'><strong>ad</strong></span> <span class='ocrx_word' id='word_1_212' title='bbox 1052 1769 1149 1804; x_wconf 78' lang='lat' dir='ltr'><strong>basin</strong></span> <span class='ocrx_word' id='word_1_213' title='bbox 1162 1771 1245 1816; x_wconf 80' lang='lat' dir='ltr'><strong>fere</strong></span> <span class='ocrx_word' id='word_1_214' title='bbox 1257 1773 1420 1814; x_wconf 80' lang='lat' dir='ltr'><strong>diseretis,</strong></span> <span class='ocrx_word' id='word_1_215' title='bbox 1447 1775 1581 1820; x_wconf 77' lang='lat' dir='ltr'><strong>capsula</strong></span> 
     </span>
     <span class='ocr_line' id='line_1_28' title="bbox 71 1827 1581 1875; baseline 0.005 -16"><span class='ocrx_word' id='word_1_216' title='bbox 71 1827 166 1871; x_wconf 73' lang='lat' dir='ltr'><strong>[onya</strong></span> <span class='ocrx_word' id='word_1_217' title='bbox 185 1828 433 1873; x_wconf 69' lang='lat' dir='ltr'><strong>petiunculam,</strong></span> <span class='ocrx_word' id='word_1_218' title='bbox 457 1829 591 1873; x_wconf 78' lang='lat' dir='ltr'><strong>fronde</strong></span> <span class='ocrx_word' id='word_1_219' title='bbox 614 1828 824 1874; x_wconf 74' lang='lat' dir='ltr'><strong>subsinzplici</strong></span> <span class='ocrx_word' id='word_1_220' title='bbox 856 1829 908 1862; x_wconf 78' lang='lat' dir='ltr'><strong>vel</strong></span> <span class='ocrx_word' id='word_1_221' title='bbox 931 1842 947 1862; x_wconf 84' lang='lat' dir='ltr'><strong>e</strong></span> <span class='ocrx_word' id='word_1_222' title='bbox 971 1828 1079 1862; x_wconf 79' lang='lat' dir='ltr'><strong>latere</strong></span> <span class='ocrx_word' id='word_1_223' title='bbox 1103 1829 1284 1864; x_wconf 71' lang='lat' dir='ltr'><strong>innovante</strong></span> <span class='ocrx_word' id='word_1_224' title='bbox 1309 1830 1477 1875; x_wconf 71' lang='lat' dir='ltr'><strong>subbjfi&#39;da</strong></span> <span class='ocrx_word' id='word_1_225' title='bbox 1503 1845 1581 1866; x_wconf 81' lang='lat' dir='ltr'><strong>eon-</strong></span> 
     </span>
     <span class='ocr_line' id='line_1_29' title="bbox 70 1885 1217 1931; baseline 0.005 -14"><span class='ocrx_word' id='word_1_226' title='bbox 70 1885 194 1927; x_wconf 79' lang='lat' dir='ltr'><strong>colori,</strong></span> <span class='ocrx_word' id='word_1_227' title='bbox 227 1888 378 1931; x_wconf 76' lang='lat' dir='ltr'><strong>squamis</strong></span> <span class='ocrx_word' id='word_1_228' title='bbox 401 1887 611 1921; x_wconf 69' lang='lat' dir='ltr'><strong>ventralibus</strong></span> <span class='ocrx_word' id='word_1_229' title='bbox 635 1887 963 1921; x_wconf 71' lang='lat' dir='ltr'><strong>ovato-lanceolatis</strong></span> <span class='ocrx_word' id='word_1_230' title='bbox 996 1890 1217 1923; x_wconf 74' lang='lat' dir='ltr'><strong>acuminatis.</strong></span> 
     </span>
    </p>
   </div>
   <div class='ocr_carea' id='block_1_3' title="bbox 260 1945 1579 2040">
    <p class='ocr_par' dir='ltr' id='par_1_10' title="bbox 260 1945 1579 2040">
     <span class='ocr_line' id='line_1_30' title="bbox 260 1945 1579 1992; baseline 0.005 -14"><span class='ocrx_word' id='word_1_231' title='bbox 260 1948 412 1978; x_wconf 73' lang='lat' dir='ltr'><strong>Sauteria</strong></span> <span class='ocrx_word' id='word_1_232' title='bbox 448 1948 556 1989; x_wconf 82' lang='lat' dir='ltr'><strong>alpina</strong></span> <span class='ocrx_word' id='word_1_233' title='bbox 594 1946 710 1979; x_wconf 83' lang='lat' dir='ltr'>Mont.</span> <span class='ocrx_word' id='word_1_234' title='bbox 744 1948 780 1979; x_wconf 80' lang='lat' dir='ltr'><strong>in</strong></span> <span class='ocrx_word' id='word_1_235' title='bbox 814 1945 1006 1992; x_wconf 68' lang='lat' dir='ltr'><strong>(l&#39;Orliiyny</strong></span> <span class='ocrx_word' id='word_1_236' title='bbox 1048 1947 1128 1992; x_wconf 76' lang='lat' dir='ltr'>Voy.</span> <span class='ocrx_word' id='word_1_237' title='bbox 1164 1948 1248 1981; x_wconf 84' lang='lat' dir='ltr'><strong>dans</strong></span> <span class='ocrx_word' id='word_1_238' title='bbox 1273 1948 1425 1985; x_wconf 63' lang='lat' dir='ltr'>l&#39;Ambr.</span> <span class='ocrx_word' id='word_1_239' title='bbox 1459 1952 1579 1984; x_wconf 69' lang='lat' dir='ltr'><strong>vilrid.</strong></span> 
     </span>
     <span class='ocr_line' id='line_1_31' title="bbox 344 1992 1579 2040; baseline 0.004 -14"><span class='ocrx_word' id='word_1_240' title='bbox 344 1992 428 2026; x_wconf 73' lang='lat' dir='ltr'>Boc.</span> <span class='ocrx_word' id='word_1_241' title='bbox 448 2005 487 2038; x_wconf 78' lang='lat' dir='ltr'>p.</span> <span class='ocrx_word' id='word_1_242' title='bbox 513 1996 572 2028; x_wconf 82' lang='lat'><strong>56.</strong></span> <span class='ocrx_word' id='word_1_243' title='bbox 625 1994 673 2027; x_wconf 88' lang='lat' dir='ltr'><strong>N.</strong></span> <span class='ocrx_word' id='word_1_244' title='bbox 688 1993 729 2026; x_wconf 80' lang='lat' dir='ltr'><strong>ab</strong></span> <span class='ocrx_word' id='word_1_245' title='bbox 745 1993 791 2026; x_wconf 88' lang='grc' dir='ltr'><strong>Ε.</strong></span> <span class='ocrx_word' id='word_1_246' title='bbox 818 1994 910 2039; x_wconf 80' lang='lat' dir='ltr'><strong>Hep.</strong></span> <span class='ocrx_word' id='word_1_247' title='bbox 940 1994 1031 2027; x_wconf 75' lang='lat' dir='ltr'>Eur.</span> <span class='ocrx_word' id='word_1_248' title='bbox 1058 1995 1126 2029; x_wconf 92' lang='lat' dir='ltr'><strong>IV.</strong></span> <span class='ocrx_word' id='word_1_249' title='bbox 1148 2007 1187 2040; x_wconf 82' lang='lat' dir='ltr'>p.</span> <span class='ocrx_word' id='word_1_250' title='bbox 1202 1995 1325 2030; x_wconf 89' lang='lat' dir='ltr'>LXV.</span> <span class='ocrx_word' id='word_1_251' title='bbox 1351 2000 1479 2032; x_wconf 77' lang='lat' dir='ltr'>et143.</span> <span class='ocrx_word' id='word_1_252' title='bbox 1501 2011 1535 2032; x_wconf 89' lang='lat' dir='ltr'>n.</span> <span class='ocrx_word' id='word_1_253' title='bbox 1553 2002 1579 2031; x_wconf 92' lang='grc' dir='ltr'><strong>Ι.</strong></span> 
     </span>
    </p>
   </div>
   <div class='ocr_carea' id='block_1_4' title="bbox 259 2051 1579 2145">
    <p class='ocr_par' dir='ltr' id='par_1_11' title="bbox 259 2051 1579 2145">
     <span class='ocr_line' id='line_1_32' title="bbox 259 2051 1579 2098; baseline 0.005 -15"><span class='ocrx_word' id='word_1_254' title='bbox 259 2053 441 2083; x_wconf 80' lang='lat' dir='ltr'><strong>Lunularia</strong></span> <span class='ocrx_word' id='word_1_255' title='bbox 469 2054 577 2095; x_wconf 79' lang='lat' dir='ltr'><strong>alpina</strong></span> <span class='ocrx_word' id='word_1_256' title='bbox 606 2051 775 2097; x_wconf 72' lang='lat' dir='ltr'><strong>Bisclzqff</strong></span> <span class='ocrx_word' id='word_1_257' title='bbox 793 2059 824 2085; x_wconf 82' lang='lat' dir='ltr'><strong>et</strong></span> <span class='ocrx_word' id='word_1_258' title='bbox 852 2053 899 2086; x_wconf 88' lang='lat' dir='ltr'><strong>N.</strong></span> <span class='ocrx_word' id='word_1_259' title='bbox 926 2052 968 2086; x_wconf 80' lang='lat' dir='ltr'><strong>ab</strong></span> <span class='ocrx_word' id='word_1_260' title='bbox 995 2053 1041 2086; x_wconf 87' lang='lat' dir='ltr'><strong>E.</strong></span> <span class='ocrx_word' id='word_1_261' title='bbox 1068 2053 1104 2087; x_wconf 77' lang='lat' dir='ltr'><strong>in</strong></span> <span class='ocrx_word' id='word_1_262' title='bbox 1130 2053 1280 2098; x_wconf 75' lang='lat' dir='ltr'><strong>Allyem.</strong></span> <span class='ocrx_word' id='word_1_263' title='bbox 1303 2055 1367 2088; x_wconf 83' lang='lat' dir='ltr'>bot.</span> <span class='ocrx_word' id='word_1_264' title='bbox 1383 2055 1475 2088; x_wconf 76' lang='lat' dir='ltr'><strong>Zeit.</strong></span> <span class='ocrx_word' id='word_1_265' title='bbox 1503 2055 1525 2089; x_wconf 88' lang='lat' dir='ltr'>l.</span> <span class='ocrx_word' id='word_1_266' title='bbox 1551 2068 1579 2089; x_wconf 86' lang='lat' dir='ltr'>c.</span> 
     </span>
     <span class='ocr_line' id='line_1_33' title="bbox 344 2098 1350 2145; baseline 0.003 -14"><span class='ocrx_word' id='word_1_267' title='bbox 344 2098 508 2145; x_wconf 72' lang='lat' dir='ltr'><strong>Bisclioff</strong></span> <span class='ocrx_word' id='word_1_268' title='bbox 533 2100 573 2133; x_wconf 84' lang='lat' dir='ltr'><strong>de</strong></span> <span class='ocrx_word' id='word_1_269' title='bbox 599 2100 728 2145; x_wconf 75' lang='lat' dir='ltr'><strong>Hepat.</strong></span> <span class='ocrx_word' id='word_1_270' title='bbox 754 2101 791 2132; x_wconf 75' lang='lat' dir='ltr'><strong>in</strong></span> <span class='ocrx_word' id='word_1_271' title='bbox 818 2100 908 2135; x_wconf 72' lang='lat' dir='ltr'>Nov.</span> <span class='ocrx_word' id='word_1_272' title='bbox 936 2100 1019 2133; x_wconf 84' lang='lat' dir='ltr'>Act.</span> <span class='ocrx_word' id='word_1_273' title='bbox 1047 2101 1132 2134; x_wconf 79' lang='lat' dir='ltr'>Nat.</span> <span class='ocrx_word' id='word_1_274' title='bbox 1161 2101 1246 2135; x_wconf 76' lang='lat' dir='ltr'>Cur.</span> <span class='ocrx_word' id='word_1_275' title='bbox 1273 2101 1295 2134; x_wconf 93' lang='lat' dir='ltr'>l.</span> <span class='ocrx_word' id='word_1_276' title='bbox 1322 2114 1350 2135; x_wconf 82' lang='lat' dir='ltr'>c.</span> 
     </span>
    </p>
   </div>
   <div class='ocr_carea' id='block_1_5' title="bbox 64 2157 1577 2827">
    <p class='ocr_par' dir='ltr' id='par_1_12' title="bbox 258 2157 1093 2201">
     <span class='ocr_line' id='line_1_34' title="bbox 258 2157 1093 2201; baseline 0.005 -13"><span class='ocrx_word' id='word_1_277' title='bbox 258 2158 447 2189; x_wconf 81' lang='lat' dir='ltr'><strong>Grimaldia</strong></span> <span class='ocrx_word' id='word_1_278' title='bbox 477 2161 639 2201; x_wconf 73' lang='lat' dir='ltr'><strong>rupesiris</strong></span> <span class='ocrx_word' id='word_1_279' title='bbox 667 2157 783 2192; x_wconf 55' lang='lat' dir='ltr'><strong>Kritz.</strong></span> <span class='ocrx_word' id='word_1_280' title='bbox 810 2159 871 2193; x_wconf 84' lang='lat' dir='ltr'>Fl.</span> <span class='ocrx_word' id='word_1_281' title='bbox 898 2171 948 2192; x_wconf 82' lang='lat' dir='ltr'><strong>cr.</strong></span> <span class='ocrx_word' id='word_1_282' title='bbox 975 2161 1093 2197; x_wconf 68' lang='lat' dir='ltr'><strong>ea&#39;siec,</strong></span> 
     </span>
    </p>

    <p class='ocr_par' dir='ltr' id='par_1_13' title="bbox 260 2215 1577 2307">
     <span class='ocr_line' id='line_1_35' title="bbox 260 2215 1577 2259; baseline 0.005 -14"><span class='ocrx_word' id='word_1_283' title='bbox 260 2215 452 2247; x_wconf 84' lang='lat' dir='ltr'><strong>Grimaldia</strong></span> <span class='ocrx_word' id='word_1_284' title='bbox 476 2219 619 2259; x_wconf 80' lang='lat' dir='ltr'><strong>punicea</strong></span> <span class='ocrx_word' id='word_1_285' title='bbox 643 2217 768 2251; x_wconf 82' lang='lat' dir='ltr'><strong>Wallr.</strong></span> <span class='ocrx_word' id='word_1_286' title='bbox 791 2218 914 2252; x_wconf 78' lang='lat' dir='ltr'>Addit.</span> <span class='ocrx_word' id='word_1_287' title='bbox 940 2219 987 2251; x_wconf 72' lang='lat' dir='ltr'><strong>acl</strong></span> <span class='ocrx_word' id='word_1_288' title='bbox 1001 2217 1061 2251; x_wconf 87' lang='lat' dir='ltr'>Fl.</span> <span class='ocrx_word' id='word_1_289' title='bbox 1081 2218 1185 2254; x_wconf 81' lang='lat' dir='ltr'><strong>Here.</strong></span> <span class='ocrx_word' id='word_1_290' title='bbox 1202 2219 1253 2252; x_wconf 88' lang='lat' dir='ltr'><strong>II.</strong></span> <span class='ocrx_word' id='word_1_291' title='bbox 1280 2220 1316 2253; x_wconf 79' lang='lat' dir='ltr'><strong>in</strong></span> <span class='ocrx_word' id='word_1_292' title='bbox 1343 2220 1448 2253; x_wconf 73' lang='lat' dir='ltr'><strong>Linn.</strong></span> <span class='ocrx_word' id='word_1_293' title='bbox 1466 2219 1577 2253; x_wconf 86' lang='lat' dir='ltr'>XIV.</span> 
     </span>
     <span class='ocr_line' id='line_1_36' title="bbox 342 2264 713 2307; baseline 0.013 -13"><span class='ocrx_word' id='word_1_294' title='bbox 342 2264 376 2295; x_wconf 89' lang='grc'><strong>6.</strong></span> <span class='ocrx_word' id='word_1_295' title='bbox 397 2274 436 2307; x_wconf 80' lang='lat' dir='ltr'>p.</span> <span class='ocrx_word' id='word_1_296' title='bbox 462 2266 543 2297; x_wconf 82' lang='lat'>687.</span> <span class='ocrx_word' id='word_1_297' title='bbox 570 2276 605 2296; x_wconf 89' lang='lat' dir='ltr'>n.</span> <span class='ocrx_word' id='word_1_298' title='bbox 630 2267 713 2299; x_wconf 83' lang='lat'>351.</span> 
     </span>
    </p>

    <p class='ocr_par' dir='ltr' id='par_1_14' title="bbox 246 2320 1552 2370">
     <span class='ocr_line' id='line_1_37' title="bbox 246 2320 1552 2370; baseline 0.007 -21"><span class='ocrx_word' id='word_1_299' title='bbox 246 2320 463 2353; x_wconf 63' lang='lat' dir='ltr'><strong>&#39;Mareliantia</strong></span> <span class='ocrx_word' id='word_1_300' title='bbox 492 2324 639 2354; x_wconf 82' lang='lat' dir='ltr'><strong>cruciata</strong></span> <span class='ocrx_word' id='word_1_301' title='bbox 666 2323 850 2368; x_wconf 72' lang='lat' dir='ltr'><strong>Sonzmerf.</strong></span> <span class='ocrx_word' id='word_1_302' title='bbox 878 2323 1001 2369; x_wconf 78' lang='lat' dir='ltr'><strong>Suppl.</strong></span> <span class='ocrx_word' id='word_1_303' title='bbox 1029 2324 1089 2358; x_wconf 79' lang='lat' dir='ltr'>Fl.</span> <span class='ocrx_word' id='word_1_304' title='bbox 1118 2324 1228 2369; x_wconf 78' lang='lat' dir='ltr'><strong>Lapp.</strong></span> <span class='ocrx_word' id='word_1_305' title='bbox 1250 2336 1288 2370; x_wconf 76' lang='lat' dir='ltr'>p.</span> <span class='ocrx_word' id='word_1_306' title='bbox 1314 2327 1372 2359; x_wconf 85' lang='lat'><strong>79.</strong></span> <span class='ocrx_word' id='word_1_307' title='bbox 1397 2338 1432 2359; x_wconf 83' lang='lat' dir='ltr'>n.</span> <span class='ocrx_word' id='word_1_308' title='bbox 1452 2326 1552 2358; x_wconf 79' lang='lat'>1201.</span> 
     </span>
    </p>

    <p class='ocr_par' dir='ltr' id='par_1_15' title="bbox 65 2376 1576 2539">
     <span class='ocr_line' id='line_1_38' title="bbox 163 2376 1576 2428; baseline 0.006 -18"><span class='ocrx_word' id='word_1_309' title='bbox 163 2376 322 2411; x_wconf 82' lang='lat' dir='ltr'><strong>Habitat</strong></span> <span class='ocrx_word' id='word_1_310' title='bbox 352 2377 390 2410; x_wconf 89' lang='lat' dir='ltr'><strong>in</strong></span> <span class='ocrx_word' id='word_1_311' title='bbox 417 2378 575 2422; x_wconf 86' lang='lat' dir='ltr'><strong>Alpibus</strong></span> <span class='ocrx_word' id='word_1_312' title='bbox 608 2384 644 2414; x_wconf 85' lang='lat' dir='ltr'><strong>et</strong></span> <span class='ocrx_word' id='word_1_313' title='bbox 679 2382 858 2415; x_wconf 87' lang='lat' dir='ltr'><strong>montosis</strong></span> <span class='ocrx_word' id='word_1_314' title='bbox 884 2382 1071 2426; x_wconf 84' lang='lat' dir='ltr'><strong>Europae,</strong></span> <span class='ocrx_word' id='word_1_315' title='bbox 1108 2394 1139 2417; x_wconf 92' lang='lat' dir='ltr'><strong>v.</strong></span> <span class='ocrx_word' id='word_1_316' title='bbox 1167 2394 1197 2416; x_wconf 85' lang='lat' dir='ltr'>c.</span> <span class='ocrx_word' id='word_1_317' title='bbox 1227 2383 1450 2427; x_wconf 87' lang='lat' dir='ltr'><strong>Norvegiae,</strong></span> <span class='ocrx_word' id='word_1_318' title='bbox 1476 2384 1576 2428; x_wconf 89' lang='lat' dir='ltr'><strong>Lap-</strong></span> 
     </span>
     <span class='ocr_line' id='line_1_39' title="bbox 66 2436 1576 2487; baseline 0.003 -17"><span class='ocrx_word' id='word_1_319' title='bbox 66 2436 219 2480; x_wconf 76' lang='lat' dir='ltr'><strong>pouiae,</strong></span> <span class='ocrx_word' id='word_1_320' title='bbox 246 2436 463 2479; x_wconf 81' lang='lat' dir='ltr'><strong>Helvetiae,</strong></span> <span class='ocrx_word' id='word_1_321' title='bbox 492 2437 759 2482; x_wconf 84' lang='lat' dir='ltr'><strong>Salisburgiae,</strong></span> <span class='ocrx_word' id='word_1_322' title='bbox 785 2439 821 2473; x_wconf 90' lang='lat' dir='ltr'><strong>in</strong></span> <span class='ocrx_word' id='word_1_323' title='bbox 854 2439 947 2474; x_wconf 86' lang='lat' dir='ltr'><strong>silva</strong></span> <span class='ocrx_word' id='word_1_324' title='bbox 977 2440 1137 2485; x_wconf 82' lang='lat' dir='ltr'><strong>Hercyn.</strong></span> <span class='ocrx_word' id='word_1_325' title='bbox 1165 2441 1318 2487; x_wconf 85' lang='lat' dir='ltr'><strong>(Miiller</strong></span> <span class='ocrx_word' id='word_1_326' title='bbox 1344 2442 1379 2475; x_wconf 92' lang='lat' dir='ltr'><strong>in</strong></span> <span class='ocrx_word' id='word_1_327' title='bbox 1407 2443 1488 2477; x_wconf 89' lang='lat' dir='ltr'><strong>coll.</strong></span> <span class='ocrx_word' id='word_1_328' title='bbox 1516 2454 1576 2476; x_wconf 85' lang='lat' dir='ltr'><strong>un.</strong></span> 
     </span>
     <span class='ocr_line' id='line_1_40' title="bbox 65 2495 579 2539; baseline 0.004 -11"><span class='ocrx_word' id='word_1_329' title='bbox 65 2496 128 2536; x_wconf 85' lang='lat' dir='ltr'><strong>it.‚</strong></span> <span class='ocrx_word' id='word_1_330' title='bbox 157 2495 338 2539; x_wconf 81' lang='lat' dir='ltr'><strong>Kiitzing,</strong></span> <span class='ocrx_word' id='word_1_331' title='bbox 367 2496 579 2539; x_wconf 81' lang='lat' dir='ltr'><strong>VVallroth).</strong></span> 
     </span>
    </p>

    <p class='ocr_par' dir='ltr' id='par_1_16' title="bbox 395 2555 1238 2594">
     <span class='ocr_line' id='line_1_41' title="bbox 395 2555 1238 2594; baseline 0.005 -5"><span class='ocrx_word' id='word_1_332' title='bbox 395 2558 428 2589; x_wconf 80' lang='lat'><strong>2.</strong></span> <span class='ocrx_word' id='word_1_333' title='bbox 480 2555 736 2591; x_wconf 73' lang='lat' dir='ltr'><strong>Sauterz‘a</strong></span> <span class='ocrx_word' id='word_1_334' title='bbox 761 2558 1096 2593; x_wconf 78' lang='lat' dir='ltr'><strong>Berteroana</strong></span> <span class='ocrx_word' id='word_1_335' title='bbox 1120 2559 1238 2594; x_wconf 82' lang='lat' dir='ltr'>Mont.</span> 
     </span>
    </p>

    <p class='ocr_par' dir='ltr' id='par_1_17' title="bbox 64 2613 1574 2827">
     <span class='ocr_line' id='line_1_42' title="bbox 161 2613 1574 2662; baseline 0.006 -16"><span class='ocrx_word' id='word_1_336' title='bbox 161 2613 200 2647; x_wconf 84' lang='lat' dir='ltr'><strong>S.</strong></span> <span class='ocrx_word' id='word_1_337' title='bbox 237 2614 440 2660; x_wconf 74' lang='lat' dir='ltr'><strong>receptaculo</strong></span> <span class='ocrx_word' id='word_1_338' title='bbox 462 2615 620 2659; x_wconf 81' lang='lat' dir='ltr'><strong>femineo</strong></span> <span class='ocrx_word' id='word_1_339' title='bbox 653 2616 832 2650; x_wconf 78' lang='lat' dir='ltr'><strong>umbonato</strong></span> <span class='ocrx_word' id='word_1_340' title='bbox 867 2617 1152 2662; x_wconf 77' lang='lat' dir='ltr'><strong>tri-quadrilobo</strong></span> <span class='ocrx_word' id='word_1_341' title='bbox 1184 2617 1266 2652; x_wconf 82' lang='lat' dir='ltr'><strong>lobis</strong></span> <span class='ocrx_word' id='word_1_342' title='bbox 1299 2619 1394 2652; x_wconf 78' lang='lat' dir='ltr'><strong>ultra</strong></span> <span class='ocrx_word' id='word_1_343' title='bbox 1426 2621 1574 2654; x_wconf 81' lang='lat' dir='ltr'><strong>medium</strong></span> 
     </span>
     <span class='ocr_line' id='line_1_43' title="bbox 64 2672 1573 2722; baseline 0.005 -19"><span class='ocrx_word' id='word_1_344' title='bbox 64 2673 237 2713; x_wconf 76' lang='lat' dir='ltr'><strong>connatis,</strong></span> <span class='ocrx_word' id='word_1_345' title='bbox 284 2672 418 2718; x_wconf 76' lang='lat' dir='ltr'><strong>capsula</strong></span> <span class='ocrx_word' id='word_1_346' title='bbox 453 2673 768 2721; x_wconf 76' lang='lat' dir='ltr'><strong>brevipeclicellata,</strong></span> <span class='ocrx_word' id='word_1_347' title='bbox 814 2676 937 2718; x_wconf 79' lang='lat' dir='ltr'><strong>fronde</strong></span> <span class='ocrx_word' id='word_1_348' title='bbox 972 2676 1120 2721; x_wconf 74' lang='lat' dir='ltr'><strong>simplici</strong></span> <span class='ocrx_word' id='word_1_349' title='bbox 1160 2676 1212 2709; x_wconf 68' lang='lat' dir='ltr'><strong>rel</strong></span> <span class='ocrx_word' id='word_1_350' title='bbox 1247 2677 1437 2722; x_wconf 78' lang='lat' dir='ltr'><strong>aequaliter</strong></span> <span class='ocrx_word' id='word_1_351' title='bbox 1469 2678 1573 2722; x_wconf 63' lang='lat' dir='ltr'><strong>bifida</strong></span> 
     </span>
     <span class='ocr_line' id='line_1_44' title="bbox 65 2728 1573 2781; baseline 0.006 -20"><span class='ocrx_word' id='word_1_352' title='bbox 65 2728 294 2763; x_wconf 79' lang='lat' dir='ltr'><strong>canaliculata</strong></span> <span class='ocrx_word' id='word_1_353' title='bbox 330 2733 461 2776; x_wconf 71' lang='lat' dir='ltr'><strong>payina</strong></span> <span class='ocrx_word' id='word_1_354' title='bbox 493 2734 639 2767; x_wconf 79' lang='lat' dir='ltr'><strong>centrali</strong></span> <span class='ocrx_word' id='word_1_355' title='bbox 670 2734 948 2780; x_wconf 70' lang='lat' dir='ltr'><strong>matyinz&#39;lmsque</strong></span> <span class='ocrx_word' id='word_1_356' title='bbox 981 2736 1276 2781; x_wconf 74' lang='lat' dir='ltr'><strong>atro-purpureis,</strong></span> <span class='ocrx_word' id='word_1_357' title='bbox 1312 2738 1460 2781; x_wconf 77' lang='lat' dir='ltr'><strong>squamis</strong></span> <span class='ocrx_word' id='word_1_358' title='bbox 1494 2749 1573 2771; x_wconf 67' lang='lat' dir='ltr'><strong>ren-</strong></span> 
     </span>
     <span class='ocr_line' id='line_1_45' title="bbox 65 2787 616 2827; baseline 0.009 -7"><span class='ocrx_word' id='word_1_359' title='bbox 65 2787 208 2821; x_wconf 75' lang='lat' dir='ltr'><strong>tralibus</strong></span> <span class='ocrx_word' id='word_1_360' title='bbox 233 2790 356 2823; x_wconf 76' lang='lat' dir='ltr'><strong>crassis</strong></span> <span class='ocrx_word' id='word_1_361' title='bbox 379 2791 616 2827; x_wconf 78' lang='lat' dir='ltr'><strong>subteretibus.</strong></span> 
     </span>
    </p>
   </div>
   <div class='ocr_carea' id='block_1_6' title="bbox 257 2849 1570 2943">
    <p class='ocr_par' dir='ltr' id='par_1_18' title="bbox 257 2849 1570 2943">
     <span class='ocr_line' id='line_1_46' title="bbox 257 2849 1570 2898; baseline 0.005 -19"><span class='ocrx_word' id='word_1_362' title='bbox 257 2849 407 2881; x_wconf 69' lang='lat' dir='ltr'><strong>samm-ia</strong></span> <span class='ocrx_word' id='word_1_363' title='bbox 435 2852 636 2884; x_wconf 77' lang='lat' dir='ltr'><strong>Berieroana</strong></span> <span class='ocrx_word' id='word_1_364' title='bbox 673 2852 864 2896; x_wconf 72' lang='lat' dir='ltr'><strong>IlIontayne</strong></span> <span class='ocrx_word' id='word_1_365' title='bbox 895 2854 929 2886; x_wconf 79' lang='lat' dir='ltr'><strong>in</strong></span> <span class='ocrx_word' id='word_1_366' title='bbox 956 2852 1157 2897; x_wconf 63' lang='lat' dir='ltr'><strong>(l’Ot-ltz‘gsny</strong></span> <span class='ocrx_word' id='word_1_367' title='bbox 1196 2852 1274 2898; x_wconf 79' lang='lat' dir='ltr'>Voy.</span> <span class='ocrx_word' id='word_1_368' title='bbox 1315 2853 1400 2887; x_wconf 81' lang='lat' dir='ltr'><strong>dans</strong></span> <span class='ocrx_word' id='word_1_369' title='bbox 1424 2853 1570 2887; x_wconf 64' lang='grc' dir='ltr'><strong>[Ἀφηόν.</strong></span> 
     </span>
     <span class='ocr_line' id='line_1_47' title="bbox 340 2896 720 2943; baseline 0.011 -16"><span class='ocrx_word' id='word_1_370' title='bbox 340 2896 460 2931; x_wconf 71' lang='grc' dir='ltr'><strong>ηιένὶιί.</strong></span> <span class='ocrx_word' id='word_1_371' title='bbox 492 2898 576 2931; x_wconf 67' lang='lat' dir='ltr'>But.</span> <span class='ocrx_word' id='word_1_372' title='bbox 598 2911 636 2943; x_wconf 78' lang='lat' dir='ltr'><strong>p,</strong></span> <span class='ocrx_word' id='word_1_373' title='bbox 663 2903 720 2933; x_wconf 79' lang='lat'>56.</span> 
     </span>
    </p>
   </div>
  </div>
 </body>
</html>
