1824 3252
179 121 251 151 300
321 135 337 142 -
793 101 1094 154 Phragmicoma.

461 231 516 262 16.
568 225 982 272 thaqmicoma
1006 224 1220 259 tumida
1246 223 1293 258 N.
1321 230 1358 259 et
1385 225 1438 259 M.

278 301 367 335 Phr.
396 299 493 334 caule
514 299 693 344 pinnatim
725 295 943 336 subramoso,
976 294 1123 328 ramulis
1155 294 1330 335 brevibus,
1353 295 1459 341 foliis
1491 294 1711 330 verticalibus

179 361 343 407 consertis
367 357 634 394 suborbiculatis
659 355 884 390 obtusissimis
910 354 1144 399 inteyer‘rimis
1168 355 1324 398 momine
1348 355 1462 400 infero
1486 362 1554 389 toto
1578 356 1712 402 inflexis

181 420 339 465 repandis
364 417 474 451 lobulo
497 416 782 456 subindistinctm
814 413 1074 459 amphiyastriis
1097 413 1522 459 rotundo·renifhrmibus
1547 415 1709 460 aclproaei-

179 479 282 512 matis
306 478 402 524 apice
428 476 551 509 retusis
577 475 726 508 breviter
751 474 898 519 reflexis,
914 473 1046 518 fructu
1074 498 1082 506 .
1111 498 1118 506 .
1147 498 1155 506 .
1209 472 1375 506 Gottselze
1398 473 1450 508 Ic.
1478 474 1555 519 Lej.
1582 474 1629 506 V.
1658 476 1709 507 15.

371 536 385 567 '2
413 534 646 579 Ptycbanthus
674 534 826 566 «nundus
862 533 909 566 N.
936 531 978 566 ab
1004 532 1052 567 Ε.
1081 532 1172 578 Hep.
1202 531 1294 566 Eur.
1323 532 1396 565 III.
1419 544 1457 578 p.
1482 537 1565 567 213.
1592 547 1626 566 η.
1653 537 1687 567 7.

274 596 318 628 Ιι]
348 594 445 628 Pulo
477 594 647 635 Penang,
676 592 808 626 Indiae
835 591 1028 626 orientalis
1053 591 1149 634 (Hb.
1179 591 1232 624 M.
1259 596 1295 624 et
1326 590 1400 636 N.).

275 653 464 688 Foliorum
492 652 640 687 lobulus
669 658 709 684 ut
736 651 771 685 in
790 651 883 684 Plir.
906 650 1068 690 torulosa‚
1097 650 1162 684 sed
1182 650 1446 693 distinguenda
1473 651 1571 685 soliis
1590 651 1711 685 minus

181 713 388 759 squamosis
416 711 529 746 latius
556 710 705 745 inflexis
734 710 909 755 repandis
935 711 1062 745 lobulo
1090 710 1208 744 basani
1236 709 1335 743 haud
1363 710 1551 745 distincto.

278 771 409 806 caulis
436 770 587 805 validus
613 769 758 811 viridis,
784 770 893 813 apice
921 780 1035 814 saepe
1063 769 1266 810 revolutus,
1298 775 1360 802 aut
1387 769 1545 815 simplex
1574 776 1638 805 aut
1664 783 1709 805 ex

181 831 317 875 angulo
345 829 603 874 amphigastrii
632 841 653 864 a
674 830 790 864 latere
813 829 1010 863 innovans.
1052 828 1159 862 Folia
1185 829 1368 870 conferta,
1396 829 1711 873 disticho—patula

180 894 217 923 et
243 889 353 923 simul
381 889 675 931 adscendentia,
709 890 860 936 dorsum
890 889 1074 933 tegentia,
1107 893 1275 923 ventrem
1310 889 1408 922 haud
1436 888 1711 933 amplectentia,

180 948 410 982 semilineam
445 949 556 993 longa
589 954 626 984 et
653 949 753 990 lata,
789 948 870 982 basi
909 947 1115 992 angustiori
1158 948 1382 994 suboblique
1414 948 1569 989 adnata,
1605 948 1710 991 apice

180 1009 391 1051 rotundata,
415 1019 602 1050 convexa,
630 1009 775 1052 integra
803 1011 839 1042 et
866 1007 1130 1051 integerrima,
1158 1007 1257 1042 omni
1286 1008 1465 1051 margine,
1490 1007 1710 1052 praesertim

180 1068 362 1110 ventrali,
397 1069 536 1102 inflexa
572 1079 691 1113 eoque
728 1068 764 1102 in
800 1067 922 1101 medio
956 1068 1150 1112 paululum
1185 1068 1355 1102 dilatata.
1408 1068 1516 1102 Retis
1542 1069 1711 1102 maculae

180 1138 332 1171 parvae,
354 1128 624 1168 subrotundae‚
647 1126 858 1173 pellucidae
881 1127 1062 1161 limitibus
1081 1127 1219 1162 crassis
1237 1127 1443 1170 contiguis;
1469 1128 1711 1162 intercalares

180 1187 351 1221 maculae
379 1199 539 1232 parvae,
576 1187 799 1229 distinctae;
839 1187 941 1221 color
976 1187 1146 1222 foliorum
1174 1187 1211 1221 in
1238 1187 1358 1228 sicco,
1392 1187 1455 1222 ubi
1490 1187 1581 1222 haec
1613 1188 1709 1221 cauli

182 1246 360 1290 adpressa
388 1252 486 1289 sunt,
516 1248 703 1288 sordidus,
731 1247 945 1282 subfuscus.
998 1247 1266 1294 Amphiqastria
1293 1247 1391 1281 foliis
1420 1247 1530 1292 triplo
1554 1247 1710 1286 minora,

181 1306 326 1339 caulem
353 1306 496 1340 inferne
524 1307 640 1341 dense
667 1307 832 1350 tegentia
859 1306 1057 1352 eidemque
1092 1312 1192 1341 arcte
1226 1306 1500 1346 incumbentia,
1534 1317 1582 1341 ex
1617 1307 1706 1340 sub-

181 1365 341 1400 rotundo
367 1366 574 1410 quadrata,
609 1366 755 1410 integra
783 1371 820 1401 et
846 1365 1107 1410 integerrima,
1146 1367 1184 1401 in
1221 1366 1344 1401 medio
1377 1366 1511 1410 gibba,
1548 1366 1710 1411 undique

183 1435 349 1468 recurva,
378 1425 474 1460 soliis
500 1426 614 1470 paulo
641 1425 839 1461 teneriora.
891 1426 1139 1471 Fructificatio
1164 1427 1266 1460 latet.

448 1513 505 1545 17.
554 1511 965 1558 Phraynn‘co‘ma
990 1514 1224 1548 arcuata
1260 1512 1308 1547 N.
1336 1512 1384 1546 ab
1411 1512 1453 1546 E.

278 1581 368 1615 Phr.
405 1581 503 1615 caule
535 1588 674 1628 repente
705 1582 911 1629 simpliciter
943 1584 1094 1628 sparsim
1123 1585 1274 1630 pinnato
1305 1584 1356 1617 vel
1381 1583 1525 1617 ramulis
1548 1583 1712 1627 elonyatis

181 1638 308 1673 iterum
334 1640 452 1675 divisis
479 1641 674 1687 bipinnato‚
713 1641 861 1676 ramulis
883 1640 1120 1683 snbdecurvis,
1143 1643 1250 1688 foliis
1276 1642 1492 1676 verticalibus
1510 1641 1712 1688 patentibus

179 1699 288 1732 oratis
313 1698 441 1734 obtusis
465 1707 496 1734 et
522 1701 633 1735 acutis
658 1701 732 1736 basi
758 1701 854 1747 lonye
878 1702 1077 1736 ‹leem-rente
1101 1702 1498 1749 complicato-saccatis‚
1537 1702 1648 1737 lobulo
1674 1704 1710 1736 in

168 1757 304 1801 folium
330 1759 504 1794 desinente
529 1760 651 1806 inflato
675 1760 808 1806 oblique
835 1767 995 1795 truncato
1020 1763 1115 1808 apice
1140 1763 1329 1796 introrsum
1353 1760 1604 1802 subbidentalo,
1630 1773 1706 1795 am-

174 1817 384 1863 phiyastriis
416 1819 614 1854 imbricatis
644 1820 1010 1865 quadrato-oblonyz‘s
1039 1820 1160 1867 planis
1192 1821 1443 1865 inteyerrimis,
1470 1821 1602 1866 [ναι-ιη
1630 1847 1636 1855 .

182 1876 343 1912 Gottselze
368 1879 419 1913 Ic.
446 1879 525 1924 Lej.
551 1878 600 1912 V.
631 1881 686 1913 18.

276 1936 438 1972 Habitat
465 1937 502 1972 in
529 1937 629 1972 Java
654 1937 776 1971 insula
802 1936 956 1979 (sslumc
982 1937 1021 1972 in
1050 1938 1125 1971 Hb.
1155 1937 1234 1982 N.).

273 1995 572 2041 Junyermzmmiae
594 1997 749 2030 minutae
766 1996 915 2031 cuidam
934 1997 1054 2041 primo
1073 1996 1254 2040 adspectu
1276 1995 1434 2031 similem
1449 2007 1530 2030 csse
1551 1996 1708 2043 diceres.

182 2054 317 2089 Differt
343 2067 365 2090 a
392 2056 485 2090 Phr.
500 2055 637 2100 fertili,
663 2055 770 2090 cuius
796 2055 952 2090 formam
980 2055 1203 2090 teneriorem
1229 2054 1315 2089 olim
1344 2055 1440 2089 hanc
1461 2066 1544 2091 esse
1564 2057 1709 2100 putavi,

180 2113 302 2148 colore
328 2114 708 2158 fulvo-ferrugineo,
742 2114 850 2148 caule
877 2115 966 2149 laxo
992 2115 1167 2158 elongato
1193 2115 1411 2159 simpliciter
1436 2116 1615 2160 pinnato,
1651 2117 1710 2151 vel

180 2173 292 2209 ramis
319 2174 507 2209 nonnullis
533 2174 718 2218 elongatis
743 2173 953 2218 iterumque
981 2173 1111 2208 divisis
1138 2173 1352 2218 bipinnato,
1386 2174 1483 2209 foliis
1516 2175 1710 2211 subacutis

180 2233 261 2267 basi
289 2233 398 2277 longe
424 2234 647 2268 decurrente
674 2232 939 2277 amplexicauli
966 2233 1212 2277 complicatis,
1240 2233 1366 2268 lobulo
1388 2237 1560 2269 truncato
1586 2238 1709 2277 acuto,

180 2293 286 2336 apice
314 2293 422 2335 binis,
450 2293 636 2327 interdum
663 2292 778 2327 ternis
804 2292 1003 2328 denticulis
1029 2292 1214 2337 praedito.

405 2377 459 2410 18.
511 2374 929 2420 Pmaymicoma
954 2372 1273 2420 secmwffolia
1299 2373 1347 2408 N.
1375 2373 1422 2407 ab
1449 2373 1491 2407 E.

277 2445 369 2480 Phr.
395 2446 492 2482 caule
515 2453 651 2493 repente
674 2447 905 2481 inordinatim
925 2446 1075 2493 pinnato
1101 2452 1210 2487 torto,
1237 2444 1343 2491 foliis
1365 2443 1558 2478 imbricatis
1573 2444 1708 2489 patulis

180 2504 399 2540 certic-alibi&
440 2507 686 2541 semirotundis
730 2506 960 2551 inteyerrimis
1000 2506 1156 2550 maryine
1202 2503 1364 2550 inferiori
1398 2503 1601 2537 rectiusculo
1639 2511 1707 2538 toto

181 2563 330 2598 involuto
355 2564 466 2599 lobulo
489 2577 557 2599 non
582 2567 739 2607 discreto,
764 2565 1025 2612 ampliiyastriis
1046 2563 1240 2598 imbricatis
1256 2562 1460 2597 orbiculatis
1479 2562 1709 2608 inteyerrimis

168 2621 275 2666 foliis
299 2621 466 2669 subduplo
490 2624 693 2666 minoribus,
717 2624 849 2670 fmctu
877 2650 884 2658 .
915 2651 922 2658 .
951 2651 959 2658 .
1012 2624 1171 2658 Gottsclie
1196 2623 1248 2657 Ic.
1276 2622 1353 2669 qu.
1380 2622 1428 2656 V.
1458 2625 1513 2657 19.

371 2684 639 2726 Jungermannia
666 2686 862 2716 securifolia
890 2683 1000 2717 Endl.
1028 2683 1160 2716 Prodr.
1186 2681 1250 2716 Fl.
1279 2681 1440 2727 N⁰⁷f⁰lk·
1464 2694 1501 2727 p.
1519 2684 1553 2715 5.
1573 2694 1606 2715 n.
1628 2684 1682 2717 14.

277 2740 439 2776 Habitat
462 2741 501 2776 in
531 2741 687 2776 Norfolk
714 2741 836 2776 insula
862 2741 956 2784 (Hb.
983 2742 1092 2776 Endl.
1120 2745 1157 2776 et
1185 2741 1260 2786 N.).

278 2800 413 2836 Differt
438 2812 460 2836 a
486 2802 579 2836 Phr.
605 2808 772 2835 arcuata.-
797 2801 934 2843 colore,
959 2804 1124 2842 textura,
1151 2800 1249 2835 foliis
1276 2801 1420 2837 obtusis
1448 2799 1569 2834 minus
1599 2799 1705 2841 longe

181 2857 480 2905 decurrentibus,
508 2861 634 2896 lobulo
661 2871 732 2895 non
760 2859 922 2895 discreto
948 2859 1103 2906 aliisque
1128 2860 1238 2895 notis.
