1824 3252
173 205 239 235 174
792 199 1075 243 Chiloscyphus.

168 313 348 356 triplicem
383 312 600 345 cellularum
638 311 931 353 magnitudinem
968 324 1011 346 ac
1047 313 1169 347 media
1202 318 1239 347 et
1274 315 1398 348 infima
1434 327 1520 359 pars
1556 317 1694 361 ealycis

169 372 437 406 monstrabant.
491 369 547 403 Ad
575 373 621 403 30
645 369 787 414 pistilla
814 372 1105 406 numeravimus.
1158 373 1419 408 Periclraetium
1452 376 1571 410 tribus
1598 377 1694 411 soliis

167 435 333 473 constat,
360 439 515 475 quorum
545 428 633 461 bina
660 428 706 461 ad
735 428 896 462 medium
925 429 1039 464 ferme
1065 436 1241 466 concreta
1266 443 1358 467 sane
1385 433 1514 469 folium
1542 435 1694 471 involu—

168 488 267 521 crale
293 498 375 521 cum
405 486 672 530 amphigastrio
698 491 815 520 erant.
868 488 1061 532 Margines
1087 489 1256 524 foliorum
1293 491 1432 525 circum
1467 494 1567 528 circa
1602 495 1695 528 laei-

168 547 265 579 nulis
292 546 476 580 interdum
502 546 633 579 iterum
662 546 826 580 dentatis
862 548 996 581 ornati.
1051 548 1126 581 Par
1161 549 1462 584 subinvolucrale
1498 552 1573 587 fere
1609 553 1693 586 huic

166 606 364 639 eonforme.

263 676 397 709 Forma
420 675 616 719 perianthii
645 680 756 720 atque
783 676 857 710 oris
883 676 1099 711 conditione
1123 677 1180 711 bic
1199 678 1319 721 magis
1347 679 1393 712 ad
1411 679 1693 727 Clr.fissistipum

168 735 332 773 accedit,
377 735 440 779 qui
485 740 608 768 tamen
651 735 723 769 iam
772 734 870 770 foliis
904 735 1232 779 perichaetialibus
1266 743 1302 772 et
1341 740 1558 782 praesertim
1597 740 1694 774 foliis

166 794 324 828 caulinis
351 794 512 829 dentatis
541 805 562 828 a
592 799 716 828 nostro
743 794 927 828 diversus.

261 854 365 888 Obs.
407 853 653 887 Inveniuntur
681 854 793 887 etiarn
813 853 902 888 folia
925 854 1004 888 basi
1026 853 1162 888 dorsali
1184 865 1256 889 non
1280 861 1466 899 concreta,
1485 856 1548 891 ubi
1570 863 1692 891 tamen

168 913 276 945 bases
303 912 468 947 dorsales
495 913 574 946 sine
602 913 676 946 ullo
703 913 818 947 dubio
845 914 1023 957 parallelo
1051 917 1172 947 tractu
1207 914 1244 947 in
1279 915 1422 949 caulem
1451 915 1598 959 longius
1625 916 1691 949 de·

166 976 335 1011 currunt;
364 971 429 1015 qui
455 976 575 1005 status
602 975 728 1006 tamen
756 973 943 1008 abnormis
970 977 1037 1007 est.
1075 973 1231 1018 (Ldbg.)

435 1070 469 1100 3.
527 1065 895 1113 chiloscyphus
921 1067 1190 1102 baduinus
1227 1067 1274 1101 N.
1303 1068 1349 1102 ab
1378 1068 1420 1103 Ε.

263 1136 325 1170 (71.
352 1136 448 1170 caule
469 1136 714 1182 procumbente
738 1138 893 1182 simplici
906 1138 1082 1182 flexuoso,
1110 1138 1217 1183 foliis
1243 1138 1516 1172 horizontalz'bus
1541 1140 1695 1172 currentis

166 1198 322 1241 muryine
348 1197 499 1230 ¹ventrali
523 1203 666 1230 arcuato
686 1208 753 1242 per
778 1195 936 1231 leviorem
961 1197 1075 1231 sinum
1112 1199 1147 1231 in
1174 1199 1305 1243 apicem
1331 1198 1693 1243 en1ar9inato-biden-

167 1261 277 1288 tatum
311 1255 513 1289 abeuntibus
547 1256 704 1300 muryiue
737 1256 866 1290 dor-sali
900 1257 1106 1290 rectiusculo
1139 1257 1214 1290 basi
1249 1257 1286 1290 in
1327 1257 1425 1290 dorso
1451 1256 1559 1291 caulis
1583 1258 1694 1291 medio

164 1329 239 1349 cum
255 1316 350 1360 sollo
374 1318 527 1362 opposito
564 1317 666 1350 limbo
691 1322 824 1350 saccaro
849 1316 1027 1357 connatis,
1060 1316 1323 1361 ampltz‘yascriis
1357 1315 1551 1351 imbricatis
1577 1323 1693 1350 truns—

164 1377 349 1410 versalibus
396 1389 473 1410 cum
495 1376 602 1421 foliis
633 1375 887 1410 subiacentibus
919 1382 1068 1419 anyusta
1099 1377 1303 1421 proiectura
1338 1376 1505 1421 utrinque
1538 1378 1694 1410 connatis

167 1439 325 1480 ‘maryz'ne
349 1435 638 1470 dentato-ciliatis
672 1435 832 1468 (lentibus
866 1433 1037 1479 (utroque
1062 1435 1219 1479 maryine
1244 1434 1270 1468 8
1297 1436 1477 1480 recurvis)
1503 1436 1592 1469 binis
1617 1448 1690 1469 me·

170 1496 236 1528 diis
261 1495 449 1529 maioribus
474 1496 555 1528 sinu
582 1493 845 1528 rotrmdiasculo
871 1494 1040 1535 diseretis,
1056 1494 1187 1538 fructu
1216 1521 1224 1529 .

238 1569 273 1607 β,
305 1568 392 1597 soliis
420 1567 661 1609 integerrimis.

359 1626 625 1666 Juugermannia
656 1624 801 1655 baduina
832 1622 879 1655 Ν.
896 1621 938 1655 ab
954 1621 1000 1654 E.
1018 1621 1202 1667 Hep.J1w.
1229 1625 1340 1667 11:26.
1368 1634 1403 1655 n.
1419 1625 1477 1656 28.
1530 1621 1693 1656 Gottsclw

446 1683 498 1717 Ic.
529 1683 621 1728 Hep.
649 1683 737 1716 iuetl.

264 1755 423 1788 Habitat
456 1754 492 1787 in
519 1754 616 1788 Java
651 1754 770 1788 insula
802 1755 847 1788 ad
877 1758 1011 1788 terram
1041 1755 1135 1789 inter
1163 1765 1310 1788 muscos
1346 1754 1497 1796 (Blume
1528 1752 1602 1786 Hb.
1635 1752 1693 1791 N.‚

169 1815 219 1852 L..
251 1815 315 1855 Lg.
344 1820 381 1847 et
408 1815 473 1857 G.)

263 1872 487 1919 Chiloscypleo
513 1873 712 1906 ‹Iecur-renti
739 1873 981 1917 propinquior
1007 1874 1177 1907 soliorum
1207 1874 1312 1917 apice
1341 1872 1531 1906 bidentato
1558 1870 1691 1903 distin-

165 1930 289 1972 guitur
319 1942 386 1965 nec
414 1942 488 1965 non
518 1931 794 1975 amphigastriis
821 1934 987 1976 margine
1013 1932 1162 1966 ciliatis.

265 1990 525 2036 Irrflorescerztia
564 1991 716 2023 mascula
756 1991 801 2023 ad
844 1991 949 2025 basin
990 1991 1159 2025 foliorum
1204 1990 1239 2023 in
1281 1989 1439 2023 sacculis
1484 1987 1694 2022 dorsalibus

114 2051 117 2053 ’
166 2050 332 2093 margine
365 2049 549 2090 dentalis,
586 2055 624 2082 ut
652 2048 895 2096 Chiloseyplzis
928 2061 1008 2084 mos
1035 2055 1103 2084 est.
1165 2050 1402 2092 Quamquam
1429 2047 1517 2081 folia
1544 2046 1695 2081 cauli'na

166 2109 247 2142 basi
276 2109 414 2144 dorsali
441 2113 603 2142 connata
631 2114 730 2150 sunt,
760 2120 831 2143 non
860 2110 991 2144 eadem
1017 2108 1185 2143 conditio
1212 2109 1249 2141 in
1277 2106 1373 2141 foliis
1400 2105 1694 2151 perigonialibns

165 2167 371 2207 invenitur;
410 2179 543 2212 nempe
570 2168 731 2209 lobulus‚
767 2169 827 2212 qui
864 2169 978 2203 limbo
1005 2168 1106 2202 tenui
1134 2179 1217 2201 oum
1246 2168 1362 2201 altero
1390 2166 1542 2200 alterius
1569 2166 1694 2199 lateris

165 2237 405 2262 concrescere
432 2228 615 2269 debebat,
654 2238 799 2261 sursum
834 2228 871 2261 in
906 2228 1051 2262 caulem
1087 2227 1247 2261 inflexus
1282 2236 1366 2260 cum
1394 2226 1462 2259 hoo
1489 2223 1696 2258 concrescit

167 2290 204 2318 et
241 2296 367 2329 margo
402 2287 581 2320 ventralis
618 2286 711 2321 liber
747 2287 786 2321 fit
822 2287 958 2321 limbus
994 2287 1148 2322 sacculi.
1210 2287 1252 2320 In
1294 2297 1369 2320 uno
1406 2285 1569 2318 alterove
1606 2282 1693 2318 folio

167 2349 290 2379 tamen
318 2346 436 2379 ultimi
463 2346 595 2380 dentes
622 2346 731 2380 huius
758 2347 897 2380 saeculi
924 2358 1070 2381 sursum
1099 2347 1150 2380 ita
1177 2345 1343 2389 contigui
1366 2345 1422 2378 vel
1442 2342 1694 2387 adproximati

167 2410 286 2447 erant,
326 2410 365 2439 ut
393 2416 430 2439 re
470 2416 555 2439 vera
591 2417 664 2450 ope
698 2406 966 2450 microscopioa
993 2406 1205 2441 discernere
1243 2416 1315 2440 non
1341 2403 1536 2448 potuerim,
1572 2406 1692 2436 utrum

167 2463 318 2497 connati
346 2469 469 2498 essent
498 2475 566 2498 nec
593 2475 650 2499 ne.

413 2564 446 2593 4.
500 2560 869 2607 vhitescyphus
894 2561 1214 2595 Biclara-aiem·
1250 2559 1296 2592 N.
1325 2558 1372 2591 ab
1399 2558 1442 2591 E.

265 2631 327 2664 Ch.
365 2630 461 2664 caule
483 2638 661 2676 prostrato
694 2633 885 2666 diclzotome
911 2644 1063 2672 ramoso,
1087 2630 1193 2676 foliis
1225 2629 1389 2675 oppositis
1422 2627 1694 2662 horizontalibus

165 2691 277 2725 oratis
322 2689 548 2724 acutiusculis
595 2691 692 2735 apice
740 2690 936 2733 bidentulo,
987 2691 1144 2734 maryine
1188 2687 1339 2722 ventrali
1376 2693 1519 2721 arcuato
1559 2687 1693 2726 devexo,

166 2749 298 2782 (Corsulz'
322 2749 529 2783 rectiusculo
555 2748 650 2783 6-9
676 2750 818 2784 (lentato
843 2749 915 2783 basi
941 2761 1017 2782 cum
1043 2750 1154 2782 altero
1168 2747 1266 2792 folio
1290 2748 1444 2792 opposito
1471 2746 1572 2780 limbo
1597 2746 1694 2780 tenui

166 2808 498 2849 saecuto—connatis,
547 2809 810 2854 amphiyastriis
853 2808 1047 2842 imbricatis
1091 2806 1377 2842 transversalibus
1419 2806 1574 2840 convexis
1617 2817 1693 2838 cum

165 2872 312 2912 utroque
326 2868 421 2912 fol-io
446 2868 601 2902 connatis
627 2868 899 2909 bidenticulafls,
930 2866 1131 2914 pez-ianthio
1156 2865 1395 2912 campanulum
1421 2878 1479 2900 ore
1507 2864 1689 2899 laeiniato‘

156 2926 350 2967 fimbriato.
