1824 3252
788 193 980 238 Lejeunia.
1580 193 1652 226 395

109 310 286 353 .-adsunt)
314 309 351 343 in
377 308 484 352 apice
511 307 680 342 foliorum
696 309 736 341 ut
756 307 892 351 digitos
912 315 1044 340 manus
1066 305 1393 349 prominenteS.-
1415 303 1653 339 Simillimum

136 373 273 404 statum
309 368 458 403 invenio
492 367 529 401 in
556 367 653 401 foliis
691 367 877 412 Lejeuniooe
899 364 1131 405 collaudatae,
1175 364 1238 398 ubi
1278 363 1366 399 folia
1406 363 1649 398 eroso-den-

138 428 292 462 ticulata
318 427 383 469 (an
409 428 599 471 semperl)
626 426 814 459 dicuntur.
865 424 965 466 Quid
999 423 1069 458 sibi
1104 425 1183 459 vult
1215 424 1273 458 bic
1306 427 1423 458 status
1449 422 1653 465 mirabilis;

138 492 309 531 potestue
336 485 543 529 comparari
561 495 644 519 cum
673 484 816 518 cellulis
843 484 927 526 illis,
954 494 1049 528 quae
1068 483 1304 528 reperiuntur
1328 482 1366 517 in
1394 482 1538 517 Radula
1563 495 1654 517 com-

132 546 303 593 planata?
582 538 586 541 ’

235 603 373 638 Mirum
407 602 518 636 etiam
545 601 713 643 videtur,
756 602 853 646 quod
895 601 1201 645 amphigastrium
1243 600 1471 635 involucrale
1510 611 1656 644 semper

141 662 259 703 adsit,
307 661 448 706 reliqua
491 665 614 694 tamen
655 661 924 695 desiderentur.
989 660 1144 694 Invenio
1181 660 1218 694 in
1259 670 1406 705 quoque
1444 659 1655 694 internodio

141 721 299 756 torulum
333 720 389 763 (ut
423 720 474 754 ita
509 720 644 763 dicam)
681 720 858 754 radiculis
894 719 1160 763 compositum,
1198 729 1317 763 neque
1344 729 1431 753 vero
1458 719 1653 763 amphiga-

142 781 270 815 strium
297 781 424 815 videre
445 790 607 824 possum.
627 798 671 804 —
694 778 881 814 Foliorum
907 779 1055 813 lobulus
1078 778 1229 822 saepius
1254 777 1507 812 unidentatus.
1558 778 1655 812 Illud

142 839 274 882 „Stylo
293 842 465 873 exserto“
493 838 711 882 Montagnei
731 842 873 871 tantum
900 837 937 871 in
960 837 1168 871 iunioribus
1188 837 1243 871 vel
1263 837 1372 871 modo
1389 836 1656 881 incipientibus

141 897 358 942 perianthiis
386 897 624 941 conspicitur,
651 897 688 931 in
717 897 852 931 adultis
879 898 995 940 stylus
1022 907 1181 940 semper,
1218 901 1258 929 ut
1283 896 1320 929 in
1348 896 1429 930 aliis
1456 896 1657 940 Lejeuniis,

140 956 319 989 inclusus.
335 975 381 981 —-
399 956 653 989 Perianthium
680 956 806 989 iunius
833 956 1022 989 lubentius
1048 955 1369 999 quinquangulare
1389 956 1658 998 describerem

140 1017 329 1057 adultum,
355 1015 454 1060 quod
481 1015 655 1058 depinxi,
682 1019 804 1049 costas
832 1016 938 1048 binas
964 1014 1171 1055 ventrales,
1203 1014 1302 1047 unde
1328 1018 1580 1058 pentagonum
1606 1016 1658 1055 fit,
1687 1003 1692 1007 Α

140 1074 246 1119 quasi
274 1073 447 1108 confusas
474 1073 509 1107 in
538 1075 685 1107 unicam
713 1074 876 1107 carinam
905 1074 1076 1108 obtusam
1104 1073 1346 1115 monstrabat.

315 1169 345 1210 §.
371 1170 406 1201 3.
459 1166 699 1200 cteratantlme.
751 1166 871 1210 Calyx
899 1166 1006 1210 apice
1032 1166 1117 1210 plus
1144 1165 1265 1199 minus
1292 1170 1482 1199 cornutus.

237 1237 615 1271 Ceratanthacearum
634 1238 773 1271 familia
801 1237 917 1270 forma
935 1237 1132 1281 periantliii
1159 1236 1314 1279 insignis
1342 1236 1449 1269 facile
1476 1239 1513 1268 et
1538 1235 1660 1270 colore

142 1295 376 1330 fuscescente
402 1301 439 1329 et
465 1296 593 1330 habitu
621 1297 789 1331 foliorum
817 1296 922 1340 apice
949 1296 1166 1339 plerumque
1189 1294 1436 1335 dentatormn,
1463 1298 1500 1328 et
1526 1295 1660 1329 lobulis

143 1355 286 1398 magnis
319 1355 579 1390 reniformibus
619 1356 751 1389 crebro
785 1356 820 1389 in
854 1366 897 1388 ea
934 1354 1217 1389 occurrentibus
1241 1352 1494 1397 cognoscitur,
1532 1352 1590 1386 vel
1629 1353 1660 1386 si

142 1414 274 1458 stirpes
290 1414 435 1449 steriles
453 1416 651 1450 inveneris.
689 1416 856 1449 Textura
870 1414 1039 1448 foliorum
1056 1413 1244 1456 diaphana
1264 1418 1299 1447 et
1314 1413 1502 1455 eleganter
1519 1412 1657 1446 reticu-

142 1476 229 1509 lata.
271 1474 405 1508 Forma
431 1475 629 1518 perianthii
648 1474 854 1509 communis
881 1478 937 1507 est
954 1471 1225 1518 quadricornis,
1252 1473 1275 1507 i.
1304 1483 1337 1507 e.
1364 1471 1614 1516 perianthium
1638 1482 1660 1505 a

141 1536 269 1567 ventre
296 1537 352 1567 est
378 1533 648 1575 bicarinatum3
683 1534 809 1567 carina
842 1543 985 1566 summa
1012 1532 1048 1565 in
1075 1532 1237 1566 calcaria
1264 1531 1430 1575 repanda
1456 1531 1660 1575 producta3

141 1591 265 1634 anguli
282 1592 453 1625 laterales
467 1593 597 1626 eodem
615 1593 724 1627 modo
735 1593 991 1636 producuntur
1005 1591 1041 1625 in
1052 1591 1226 1633 calcaria,
1240 1591 1390 1633 unde,si
1410 1586 1658 1634 perianthium

142 1649 258 1683 habes
290 1650 474 1692 iuvenile,
508 1651 675 1694 magisve
711 1651 824 1685 etiam
862 1651 1050 1691 adultum,
1091 1650 1249 1685 babebis
1282 1654 1303 1684 4
1337 1661 1478 1685 cornua
1512 1662 1559 1684 ex
1586 1661 1660 1684 uno

143 1714 281 1752 puncto
307 1710 496 1750 exeuntia,
523 1709 697 1743 videlicet
722 1721 768 1744 ex
797 1710 903 1754 apice
932 1710 1010 1743 sive
1032 1720 1207 1743 mucrone
1225 1709 1437 1753 periantliii.
1454 1729 1495 1734 --
1521 1709 1662 1743 Carina

142 1768 299 1802 dorsalis
332 1768 444 1811 igitur
469 1769 570 1802 nulla
594 1769 794 1803 invenitur.
846 1769 1036 1804 Interdum
1066 1773 1191 1803 autem
1219 1780 1359 1803 cornua
1383 1769 1555 1804 lateralia
1582 1768 1661 1804 sive

144 1828 269 1871 anguli
296 1827 466 1861 laterales
489 1821 602 1871 paulo
620 1828 866 1869 adscendunt,
892 1829 946 1862 ita
973 1832 1013 1861 ut
1041 1828 1155 1862 facies
1172 1827 1329 1862 dorsalis
1349 1827 1549 1872 perianthii
1569 1838 1658 1862 con-

143 1897 235 1921 cava
253 1887 333 1927 fiat;
353 1891 441 1920 tunc
459 1887 603 1921 videbis
624 1886 880 1921 intermediam
903 1890 1046 1930 partem
1066 1888 1161 1921 inter
1179 1887 1520 1931 anguloslaterales
1533 1888 1662 1922 leniter

144 1955 350 1980 convexam
371 1950 406 1979 et
426 1956 510 1979 cum
528 1945 637 1979 huius
655 1946 772 1989 partis
799 1956 965 1979 summus
992 1946 1075 1980 finis
1102 1946 1209 1990 apice
1229 1946 1430 1990 perianthii
1451 1952 1661 1989 coronetur,

143 2005 312 2051 quintum
329 2016 441 2040 cornu
467 2005 645 2039 accedere
672 2005 829 2039 videtur.
880 2004 1150 2039 Verumtamen
1177 2017 1260 2039 cum
1288 2006 1380 2039 haec
1408 2016 1465 2039 res
1492 2017 1564 2040 non
1592 2006 1661 2041 nisi

143 2065 294 2100 fortuito
327 2064 524 2106 efficiatur,
572 2064 684 2098 etiam
723 2065 759 2098 in
797 2065 930 2099 eadem
972 2065 1102 2108 planta
1136 2065 1347 2108 perianthia
1380 2064 1547 2100 invenies
1589 2066 1663 2101 alia

143 2124 312 2168 quadri-,
340 2124 413 2158 alia
439 2123 746 2169 quinquecornia,
772 2135 808 2158 v.
835 2136 866 2158 c.
893 2124 932 2158 in
959 2124 1034 2170 Lejj.
1062 2124 1263 2158 ceratantlza
1289 2124 1342 2158 M.
1370 2128 1407 2158 et
1435 2124 1482 2159 N.

238 2183 396 2216 Plantae
424 2183 533 2217 huius
560 2183 734 2218 sectionis
761 2183 856 2217 inter
882 2194 921 2218 se
946 2183 1108 2217 maxime
1128 2193 1316 2226 congruae
1339 2182 1549 2217 difficillime
1575 2188 1664 2218 sunt

144 2241 420 2284 dignoscendae
445 2246 482 2276 et
507 2242 632 2277 forsan
657 2241 859 2278 varietates
881 2243 1063 2287 dignitate
1088 2241 1227 2286 speciei
1253 2246 1410 2275 ornatae
1436 2242 1662 2276 coniunctim

145 2311 229 2334 cum
257 2300 338 2334 aliis
363 2301 548 2345 certisque
574 2301 772 2346 speciebus
798 2303 858 2337 hic
884 2306 1151 2347 proponuntur.

170 2391 204 2415 a.
257 2381 543 2418 Ge‘nuinae.
595 2382 870 2428 Amphiqastriis
900 2382 1123 2417 subrotundz's
1153 2381 1290 2427 bifidis,
1310 2381 1485 2427 foliorum
1519 2379 1640 2415 lobulis

618 2441 792 2476 nonnullis
816 2443 977 2476 maximis
1002 2440 1195 2476 cucullatis.

467 2515 550 2546 210.
601 2513 858 2559 Lejeania
886 2512 1116 2548 Doctrina
1142 2512 1336 2547 Gottsche.

242 2574 286 2609 L.
312 2573 405 2608 caule
429 2581 563 2619 repente
593 2586 678 2618 vaye
702 2585 834 2607 ramoso
859 2572 1140 2618 irreyulariterve
1158 2573 1325 2618 pinnato,
1358 2568 1466 2603 ramis
1496 2569 1662 2610 incurvis,

136 2633 242 2679 foliis
264 2633 518 2668 subimbricatis
548 2632 912 2677 semim-ato-oblouyis
934 2633 1097 2679 flaccidis
1131 2630 1370 2667 subundulatis
1401 2630 1496 2675 apice
1530 2628 1664 2674 irfiexz's

147 2691 273 2726 obtusis
296 2693 450 2727 acutisve
472 2692 706 2737 inteqerrimis
723 2698 756 2728 et,
771 2691 1053 2727 subdenticulatis
1079 2691 1154 2726 basi
1178 2689 1399 2737 complicatis,
1428 2687 1536 2722 lobulo
1555 2699 1664 2733 parvo

149 2757 308 2784 truncato
331 2751 532 2797 subivfiatm
565 2751 825 2797 amphiyastrz'is
856 2751 1105 2785 remotiusmclis
1134 2752 1244 2785 oratis
1275 2750 1321 2782 ad
1342 2748 1524 2782 dimidium
1550 2747 1665 2791 bifidis

149 2810 286 2844 laciniis
310 2811 443 2851 acutis,
466 2810 596 2856 fructu
622 2810 763 2844 laterali
787 2810 913 2852 sessili,
937 2810 1044 2855 foliis
1076 2807 1343 2844 incolum-abhus
1373 2806 1662 2847 subdenticulatis‚

143 2867 341 2913 pericmtltio
365 2867 503 2903 obovato
528 2870 621 2915 apice
646 2876 819 2914 tetraquno
844 2870 881 2903 in
907 2876 1055 2914 quatuor
1080 2869 1225 2904 lacinias
1245 2867 1335 2912 fisso
1359 2865 1550 2911 inaequales
1583 2864 1663 2899 sub-

148 2927 304 2972 iwfiexcts.
356 2927 514 2963 Gottsclaee
540 2928 633 2962 Icon.
660 2929 803 2975 Lejeun.
830 2929 900 2964 IV.
930 2930 987 2964 10.
