1824 3252
847 209 961 254 Lejeu
969 208 1039 243 nia.
1632 209 1703 242 373

186 328 323 363 ohovato
346 333 443 361 acute
460 333 653 373 penta-yona
684 324 859 359 involucro
890 321 1130 362 subimmerm,
1156 319 1260 366 foliis
1293 318 1557 354 involucralibus
1588 327 1703 354 ovato-

186 386 379 421 lanceolacis
402 385 530 420 obtusis
554 384 664 419 {obulo
689 383 953 429 linyuafformi,
987 381 1237 428 amphiyastrio
1260 391 1383 425 maqno
1407 378 1704 424 ohlmzyo-corclato

185 447 234 480 ad
255 447 403 480 medium
423 444 538 490 bifido.
591 443 749 478 Gottselaee
774 443 869 477 Ieme.
897 442 974 487 Lej.
1002 441 1070 475 [V.
1096 444 1155 474 21.

375 507 642 547 Juugermannia
670 504 859 548 tbymifolia
886 503 936 538 N.
955 501 999 536 ab
1016 502 1063 536 Ε.
1081 501 1211 536 Enum.
1227 500 1324 546 Hep.
1349 499 1431 533 Jav.
1451 509 1490 544 p.
1517 499 1576 531 42.
1592 508 1627 530 7ι.
1643 497 1702 531 56.

460 577 499 598 ex
519 570 623 609 parte
648 569 680 596 et
705 561 786 596 ezrel.
812 574 905 596 vat-r.
931 575 953 595 a
979 568 1011 595 et
1036 567 1066 600 δ.

263 628 297 667 β,
321 626 456 666 indica,
492 625 582 656 foliis
615 625 729 655 minus
765 631 854 654 arcte
891 623 1097 662 imbricatis,
1133 620 1251 652 lobulo
1278 620 1425 657 minore,
1451 615 1700 660 amphigastriis

327 683 519 717 minoribus
546 682 752 725 profundius
781 682 906 722 incisis,
931 681 1126 726 perianthiis
1155 679 1330 721 elongatis-

374 743 643 785 Jnngermannia
676 740 788 773 indica
817 740 865 774 N.
902 747 933 774 et
970 738 1032 773 ΒΖ.
1066 740 1104 772 in
1132 738 1222 772 Nov.
1249 736 1332 770 Act.
1361 734 1473 769 Acad.
1500 732 1587 766 Nat.
1616 730 1701 765 Cur.

459 801 534 836 XI.
568 804 596 835 Ι.
616 813 656 847 p.
690 802 766 834 146.
795 807 820 833 t.
851 800 960 845 l7.f.
989 800 1033 833 Β.

374 862 641 903 Jungermannia
667 860 888 902 serpyllisolia
917 859 964 892 N.
993 857 1056 891 Bl.
1083 864 1114 890 et
1141 856 1191 890 R.
1219 855 1314 900 Hep.
1340 853 1424 888 Jav.
1446 864 1486 898 p.
1512 853 1595 885 214.

370 918 638 961 Jungermannia
674 917 865 960 thymisolia
904 921 926 959 β
963 917 1107 949 discreta
1146 915 1193 948 N.
1229 913 1271 947 ab
1306 913 1354 947 E.
1390 912 1462 946 En.
1491 912 1583 957 IIep.
1618 909 1702 944 Jav.

456 988 491 1010 77.
518 978 577 1010 24.
606 974 628 1008 l.
654 987 682 1008 c.

217 1035 232 1067 ἶ)
258 1042 293 1076 Ύ,
321 1036 410 1067 soliis
436 1035 654 1067 brevioribus
682 1034 824 1074 obtusis,
852 1033 1101 1077 amphigastriis
1121 1032 1194 1063 basi
1221 1031 1483 1073 subaugustatis‚
1508 1028 1700 1074 periauthio

325 1107 472 1127 emerso.

265 1160 295 1196 δ,
321 1155 445 1195 maior,
474 1155 563 1186 soliis
591 1155 755 1197 elongatis
785 1151 929 1191 obtusis,
956 1151 1156 1194 periauthiis
1184 1159 1219 1182 ut
1245 1151 1277 1182 in
1304 1160 1338 1180 α.

277 1221 437 1255 Habitat
475 1220 511 1254 in
549 1221 646 1254 Java
689 1220 811 1254 insula
849 1217 1031 1261 (Blume).
1093 1215 1182 1250 Var.
1217 1215 1238 1253 β
1280 1225 1364 1249 cum
1401 1214 1520 1249 forma
1557 1214 1701 1258 vulgari

179 1278 341 1322 (Blun1e‚
363 1279 566 1322 Junghuhn
583 1280 620 1313 in
633 1280 708 1314 Hb.
724 1280 809 1323 N.);
837 1278 883 1312 ad
913 1274 1226 1324 Hymenophyllum
1249 1273 1462 1318 multifidum
1487 1283 1536 1307 ex
1564 1273 1702 1307 Insulis

180 1338 420 1373 Australibus
449 1339 499 1382 (in
528 1339 603 1373 Hb.
632 1338 816 1382 WVeberi).
875 1337 966 1370 Var.
992 1345 1018 1372 ’γ
1045 1335 1082 1369 in
1112 1333 1296 1368 Brasiliae
1324 1334 1436 1367 Serra
1470 1332 1517 1366 de
1544 1333 1703 1367 Estrella

184 1397 362 1441 (Beyrieh
390 1397 426 1431 in
454 1398 529 1432 Hb.
558 1398 598 1432 L.
626 1403 663 1432 et
689 1398 785 1443 Lg.).
837 1396 927 1431 Var.
956 1402 972 1435 δ
999 1395 1035 1428 in
1065 1393 1224 1428 Madera
1249 1391 1410 1436 (Ecklon
1436 1391 1472 1425 in
1500 1391 1577 1425 Hb.
1606 1391 1677 1437 L.).

615 1494 694 1525 157.
743 1489 1169 1537 Lejetmziaflava
1195 1489 1269 1523 Sw.

278 1563 324 1596 L.
346 1562 440 1596 caule
463 1573 598 1596 ramoso
621 1569 774 1607 repente,
795 1560 901 1606 soliis
925 1559 1178 1595 subimbricacis
1203 1556 1527 1603 oblonqo-ovalibus
1550 1556 1700 1601 ὑπερεν-

181 1623 282 1656 rimis
295 1622 389 1667 apice
403 1621 599 1655 rotundatis
613 1619 665 1654 vel
678 1619 913 1664 subanyulatis
931 1619 1004 1653 basi
1018 1618 1136 1653 subtus
1151 1615 1577 1662 subsinuato-eomplicatis
1590 1615 1701 1649 [obulo

181 1680 366 1723 convoluto,
390 1680 649 1726 ampleiyastriis
662 1679 769 1723 foliis
793 1679 894 1724 duplo
917 1690 1031 1712 mmm
1034 1677 1110 1711 rbus
1139 1678 1249 1711 ovatis
1273 1677 1460 1710 cordatisve
1484 1676 1530 1709 ad
1551 1675 1701 1708 medium

181 1751 284 1784 usque
307 1746 403 1773 acute
428 1739 541 1785 bfidis
557 1739 694 1773 laciniis
707 1744 820 1772 ovato-
825 1736 1030 1778 lanceolatz's‚
1045 1737 1177 1782 fluctu
1192 1734 1330 1769 latemli
1342 1735 1389 1768 ad
1401 1733 1499 1768 basin
1522 1745 1702 1767 ramorum

181 1798 297 1839 sessiH,
311 1798 418 1844 foliis
433 1798 585 1832 involvor
586 1797 698 1831 alibus
711 1797 829 1843 corgfm
832 1797 941 1830 mibns
948 1796 1055 1842 paulo
1071 1797 1184 1830 minor
1177 1794 1261 1828 ibus
1277 1793 1397 1828 bilobis
1411 1790 1521 1827 lobulo
1531 1792 1641 1837 quadr
1643 1798 1701 1825 ato

180 1869 314 1902 mamm,
334 1858 533 1904 petianthio
557 1857 697 1891 obaz-aco
722 1868 815 1890 etse}
817 1863 850 1889 to
874 1863 972 1890 amate
994 1862 1194 1901 pentayono.
1237 1854 1400 1888 Gottsche
1425 1853 1478 1886 Ic.
1503 1853 1579 1897 Lcj.
1607 1851 1698 1885 VII.

370 1919 638 1959 Jungermannia
666 1919 748 1948 flava
775 1915 916 1949 Swartz
942 1915 1076 1948 Prodr.
1103 1913 1165 1947 Fl.
1182 1913 1263 1947 Iud.
1289 1925 1355 1946 occ.
1377 1924 1415 1958 p.
1435 1914 1512 1946 144.
1540 1911 1599 1944 Fl.
1619 1911 1698 1944 Iud.

454 1986 522 2008 occ.
551 1974 626 2008 III.
654 1986 691 2020 p.
722 1977 826 2008 1859.
876 1974 1068 2017 Schwaeyr.
1105 1973 1237 2007 Prodr.
1257 1985 1296 2018 p.
1327 1974 1382 2006 16.
1438 1971 1531 2005 Web.
1566 1970 1698 2004 Proclr.

449 2045 487 2079 p.
513 2036 572 2067 29.
623 2032 771 2078 Spreny.
799 2032 839 2066 S.
872 2032 911 2066 V.
939 2032 1008 2067 IV.
1043 2035 1069 2065 l.
1090 2044 1129 2078 p.
1155 2034 1226 2066 223
1251 2043 1286 2065 n.
1313 2034 1373 2066 74.

322 2104 481 2138 Habitat
505 2105 542 2138 in
570 2104 742 2138 Jamaica
769 2103 815 2137 ad
843 2102 992 2137 frondes
1020 2101 1198 2143 Filicum,
1236 2113 1270 2135 v,
1296 2112 1329 2135 c.
1357 2100 1404 2134 ad
1434 2100 1698 2134 Trichommzem

177 2166 394 2199 radicantem
419 2164 617 2208 (Swartz);
653 2164 690 2197 in
718 2162 847 2196 Insula
876 2162 984 2196 Cuba
1012 2160 1173 2204 (Ramon
1199 2159 1247 2193 de
1273 2160 1309 2193 la
1328 2159 1448 2201 Sagra
1472 2157 1510 2192 in
1539 2158 1614 2191 Hb.
1643 2158 1696 2192 M.

180 2227 216 2257 et
245 2223 321 2266 N.).

272 2294 316 2326 L.
343 2291 561 2339 thymifolz'a,
596 2292 758 2326 maxime
791 2292 834 2326 L.
851 2292 968 2338 flavae
995 2289 1132 2331 affinis,
1168 2288 1411 2332 distinguitur
1436 2286 1606 2321 soliorum
1634 2285 1692 2320 di—

178 2351 343 2385 rectione
369 2356 407 2384 et
423 2355 587 2393 textura,
615 2351 711 2385 foliis
739 2361 853 2395 saepe
882 2350 1002 2385 ovatis
1023 2354 1108 2384 ante.
1126 2348 1292 2383 lobulum
1307 2346 1514 2381 evidentius
1540 2345 1696 2379 sinuatis

178 2410 236 2443 vel
264 2411 344 2445 basi
371 2410 745 2450 subdecurrenfibus,
773 2408 1049 2454 amphigastriis
1074 2407 1323 2451 longioribus,
1349 2404 1558 2449 perianthio
1584 2404 1692 2438 invo-

177 2469 280 2504 lucro
312 2469 477 2503 maximo
512 2469 698 2504 immerso.
731 2488 777 2494 —
817 2469 849 2503 A
877 2469 921 2502 L.
948 2467 1177 2514 serpyllffolia
1209 2466 1331 2500 differt
1365 2464 1411 2499 L.
1425 2463 1525 2509 flava
1559 2463 1695 2504 colore,

177 2528 273 2562 foliis
306 2529 427 2563 minus
461 2527 700 2562 verticalibus
736 2527 964 2571 longioribus
998 2527 1172 2562 omnibus
1206 2525 1369 2565 obtusis,
1405 2522 1530 2557 lobulo
1563 2521 1693 2556 minori
1737 2553 1740 2557 .

178 2587 273 2621 laevi
299 2587 382 2621 sinu
411 2587 641 2622 solummodo
668 2598 690 2621 a
715 2587 803 2622 folio
829 2587 1018 2631 seiuncto,
1056 2583 1329 2630 amphigastriis
1355 2581 1576 2623 maioribus,
1610 2580 1690 2624 ple-

178 2645 303 2690 risque
327 2646 500 2682 cordatis.

275 2704 407 2738 Colore
439 2706 554 2747 flavo,
592 2705 688 2740 foliis
722 2705 759 2739 in
795 2705 1000 2740 auriculam
1035 2704 1109 2739 leni
1137 2703 1258 2738 sinulo
1284 2698 1563 2735 transeuntibus
1589 2698 1690 2733 orbi-

179 2761 311 2796 culatis
345 2774 476 2806 parum
509 2764 707 2806 convexis,
747 2765 872 2800 lobulo
908 2765 1035 2798 inflato
1068 2767 1277 2797 extrorsum
1315 2769 1426 2802 saepe
1460 2758 1691 2799 unidentrnto,

179 2820 454 2864 ampliigastriis
491 2824 628 2866 patulis
661 2824 877 2859 orbiculatis
913 2824 959 2857 ad
993 2823 1154 2857 medium
1189 2830 1306 2864 usque
1340 2817 1461 2852 bifidis
1486 2817 1570 2851 sinu
1597 2817 1688 2851 laci-

177 2878 324 2923 niisque
368 2880 631 2916 obtusiusculis
682 2894 702 2916 a
753 2882 936 2918 consimili
987 2881 1064 2926 Lej.
1103 2881 1282 2914 virescente
1343 2874 1594 2919 distinguitur.
1645 2894 1692 2900 —

177 2936 337 2971 Fructus
372 2936 408 2971 in
441 2941 582 2974 ramulo
615 2941 841 2983 terminalis,
880 2940 1164 2985 superveniente
1203 2947 1315 2981 saepe
1354 2934 1495 2969 ramulo
1530 2934 1690 2980 denique
