1824 3252
159 225 230 259 758
828 214 984 259 Lejeum’
988 225 1021 247 a.

161 348 198 381 p.
224 339 308 371 354.
412 335 479 367 104
499 332 531 364 b.
583 328 844 374 Lejeunia
872 327 1178 372 campensis
1205 327 1327 372 Ldbg.
1342 332 1379 362 et
1394 328 1588 363 Gottsche.

259 396 303 429 L.
329 391 427 427 caule
452 395 590 436 repente
614 386 826 427 subt-amosa,
843 386 950 433 foliis
975 388 1146 432 contiyuis
1167 388 1276 421 ovatis
1300 386 1702 422 acwninato-subulatis

159 455 388 503 apiculatisve
415 449 651 494 inteyeiwimis
685 446 760 481 basi
793 447 1233 482 sinuato-cleeurrentibus
1263 446 1556 494 subcomplicatis,
1589 447 1702 482 lobulo

156 528 268 563 parvo
292 525 389 559 saepe
412 510 529 549 nullo,
565 509 831 555 amplziglastriis
854 508 960 556 duplo
985 509 1040 543 vel
1062 507 1169 554 triplo
1194 506 1386 542 minoribns
1410 508 1703 542 ovato-rotundis

161 577 209 610 ad
231 577 252 617 ὲ
279 573 398 617 bfidis
423 570 563 604 laciniis
588 570 700 603 acutis
725 568 1064 609 samonum-entibus,
1087 568 1287 614 periantlzz’o
1312 566 1452 601 obovato
1476 574 1576 601 amne
1601 568 1703 613 quin-

161 632 347 681 quanyulo,
363 630 470 677 sbliis
496 628 766 664 imolam-alffius
792 628 1052 674 anyustioribus
1076 627 1188 662 [obulo
1211 627 1411 662 lanceolata.

262 693 424 728 Habitat
460 690 560 735 apud
599 689 737 734 Car-ipe
771 689 1015 729 Columbiae,
1051 689 1151 722 unde
1187 688 1313 722 attulit
1347 688 1392 722 cl.
1432 686 1569 721 Moritz
1605 686 1703 731 (Hb.

169 753 260 797 Reg.
292 752 416 786 Berol.
445 761 479 784 u.
511 751 609 794 153).

260 812 390 847 Caulis
417 809 713 854 semipollicaris,
740 813 935 852 angustus,
969 819 1053 842 cum
1081 807 1179 842 foliis
1202 807 1265 842 vix
1297 809 1314 848 ὲ
1340 807 1477 840 lineam
1506 807 1707 843 latitudine

165 871 377 912 excedens,
412 870 754 915 simpliciansculus,
802 869 923 903 rarius
961 868 1114 902 ramulis
1151 868 1283 912 paucis
1322 868 1541 902 instructus.
1601 868 1708 903 Folia

166 931 461 971 subimbricata,
508 930 703 975 superiora
744 930 799 963 et*
828 928 1054 962 ramulorum
1104 928 1281 971 contigua
1322 928 1379 962 vel
1430 927 1708 972 adproximata,

166 995 300 1031 ovata.
330 996 460 1031 acuta,
489 991 669 1035 pleraque
697 990 734 1023 in
764 999 921 1023 acumen
950 989 1097 1032 longius
1126 989 1343 1022 subillatum
1373 987 1579 1031 producta,
1607 986 1704 1021 inte-

167 1051 340 1095 gerrima,
370 1050 450 1085 basi
476 1051 634 1085 ventrali
664 1050 1082 1084 sinuato-decurrentia
1109 1053 1147 1082 et
1168 1048 1204 1081 in
1227 1048 1394 1082 lobulum
1417 1057 1575 1091 parvum
1602 1057 1706 1081 com-

168 1111 320 1156 plicata,
348 1111 475 1146 lobulo
502 1121 616 1154 saepe
644 1116 768 1144 tamen
796 1109 965 1143 obsoleto
991 1110 1048 1143 vel
1078 1108 1199 1148 nullo;
1228 1118 1430 1151 compages
1457 1111 1585 1140 tenera
1607 1107 1709 1141 laxa.

168 1172 438 1218 Ampl1iyastria
472 1170 589 1214 duplo
624 1171 680 1204 vel
719 1170 830 1214 triplo
865 1170 1029 1209 minora,
1072 1170 1107 1201 in
1145 1168 1254 1212 apice
1292 1167 1520 1201 ramulorum
1554 1165 1712 1207 minuta,

169 1231 508 1272 rotundo-ovata,
537 1232 575 1265 in
606 1231 713 1264 caule
741 1230 938 1274 prencipali
968 1239 1241 1273 nonnunquam
1269 1227 1518 1268 subcordata,
1543 1227 1708 1270 integer-

170 1292 282 1332 rima,
311 1293 418 1336 apice
446 1292 581 1334 bifida,
610 1291 693 1325 sinu
725 1290 981 1329 acussusculo,
1010 1289 1156 1323 laciniis
1185 1289 1306 1322 acutis
1333 1288 1712 1323 subconniventibus.

171 1350 277 1384 Folia
314 1356 352 1385 et
385 1351 679 1397 amplaiyastrium
716 1349 948 1384 im-olncralia
989 1349 1148 1383 caulinis
1191 1349 1328 1383 similia
1367 1348 1432 1382 sed
1473 1348 1713 1392 angustiorem

171 1411 287 1445 lobuli
314 1411 416 1455 plani
445 1412 656 1447 lanceolati.
709 1410 961 1445 Per-iantltium
981 1411 1205 1450 obovatum‚
1233 1409 1401 1452 margine
1419 1407 1713 1452 integerrimum,

171 1482 448 1515 compressum,
476 1478 586 1506 acute
612 1471 962 1517 quinquangulum,
990 1469 1129 1504 carinis
1160 1469 1386 1510 nemusculis,
1423 1479 1486 1503 ore
1512 1469 1710 1503 subemar-

171 1531 311 1575 ginato.

270 1591 377 1626 obs.
427 1591 506 1637 qu.
533 1590 753 1625 acuminatae
779 1595 815 1624 et
841 1589 1012 1633 conformi
1039 1589 1169 1630 affinis,
1198 1589 1263 1623 sed
1290 1589 1415 1623 differt
1441 1587 1537 1622 foliis
1565 1585 1712 1630 longius

172 1650 394 1695 cuspidatis,
423 1651 549 1687 lobulo
576 1651 729 1692 minori,
759 1650 1039 1695 amphigastriis
1069 1649 1295 1690 maioribus;
1333 1649 1411 1695 Lej.
1441 1646 1713 1682 Neumanuiana

173 1711 417 1755 distinguitur
444 1712 541 1747 foliis
568 1712 714 1746 obtusis
743 1712 799 1746 vel
826 1711 988 1745 breviter
1015 1709 1286 1754 cuspidulatis,
1324 1706 1604 1753 amphigastriis
1638 1705 1709 1739 mi-

174 1771 328 1806 noribus
354 1776 391 1807 et
417 1772 613 1806 involucro
640 1777 795 1806 serrato.

175 1869 210 1902 p.
238 1861 322 1893 354.
427 1861 493 1893 104
516 1869 547 1893 c.
601 1859 864 1905 Dejeunia
889 1857 1248 1901 cor-antipam
1273 1854 1394 1899 Ldbg.
1411 1860 1448 1890 et
1463 1853 1658 1889 Gottsche.

272 1930 324 1966 L.·
345 1930 440 1965 caule
465 1937 603 1977 repenle
636 1929 875 1976 subsimplice,
900 1928 1007 1975 foliis
1040 1929 1212 1973 cmztiyuis
1245 1928 1422 1961 remotisve
1453 1925 1716 1960 subhorizaemta-

177 1987 266 2023 libus
304 1988 440 2035 oblique
475 1990 772 2035 ovato-ellipticz‘s
808 1991 920 2023 acutis
960 1988 1120 2034 lonqeque
1155 1987 1342 2034 (spiculatis
1374 1985 1608 2033 planiusculis
1636 1984 1716 2020 sub-

176 2051 412 2094 inteyerrimis
448 2049 524 2083 basi
560 2048 974 2094 sinuato-complicatis,
1017 2047 1128 2082 [obulo
1165 2047 1309 2081 obsoleto
1344 2047 1398 2080 vel
1430 2058 1543 2092 parvo
1582 2044 1716 2090 inflaw,

176 2108 439 2155 a7nplu‘9astriis
464 2108 675 2143 distantibus
700 2107 727 2144 ξ.)
741 2129 756 2133 -
773 2107 799 2143 3
825 2129 839 2133 -
863 2107 923 2154 plo
955 2107 1148 2142 minoribus
1174 2109 1327 2142 cordatis
1353 2108 1401 2141 ad
1424 2106 1576 2140 medium
1601 2104 1717 2151 ὂξῙίἅίε

178 2167 318 2203 laciniis
341 2170 553 2203 acuminatis
576 2172 700 2210 acutis,
715 2168 848 2214 fructu
876 2193 884 2202 .
914 2194 921 2203 .
951 2194 958 2201 .

373 2229 546 2263 Licbman
572 2229 653 2263 Iter
677 2229 857 2263 Meaeican.
884 2228 1005 2262 incdit.

278 2289 440 2325 Habitat
476 2290 513 2324 in
555 2300 672 2333 regno
709 2289 915 2324 Mexicano
958 2288 1005 2322 ad
1048 2286 1238 2327 Mirador‚
1283 2283 1484 2319 Hacienda
1520 2283 1566 2317 de
1601 2283 1716 2325 Fovo,

181 2347 446 2385 Huctumalco.
499 2350 616 2386 Lecta
643 2360 663 2383 a
691 2350 737 2385 cl.
767 2349 950 2384 Liebman
978 2347 1086 2382 annis
1114 2349 1202 2382 1841
1234 2352 1271 2380 et
1301 2348 1403 2380 1842.

274 2408 392 2445 Foliis
418 2410 568 2454 longius
597 2409 823 2454 apiculatis,
864 2407 1147 2454 amphigastriis
1181 2406 1329 2451 magnis
1371 2403 1537 2440 cordatis
1577 2402 1714 2438 distin-

180 2467 308 2513 guitur
334 2480 356 2504 a
381 2470 550 2517 queunia
574 2471 787 2505 acuminata.

182 2573 218 2608 p.
244 2565 329 2598 354.
434 2566 501 2599 104
519 2564 556 2598 d.
607 2562 872 2610 Dejeunia
882 2562 1129 2606 flaccida
1155 2559 1274 2603 Ldbg.
1291 2563 1328 2594 et
1342 2557 1532 2592 Goitsche.

280 2636 327 2670 L.
354 2635 454 2671 caule
478 2642 620 2682 repente
643 2634 830 2680 caespitoso
855 2633 1046 2676 ramulam,
1067 2632 1175 2678 foliis
1199 2630 1392 2665 imbricatis
1414 2625 1721 2663 semivertIcalibus

182 2695 465 2729 cordato-anatis
478 2695 645 2742 flaccidis
677 2694 804 2728 luridis
827 2692 961 2727 caulem
985 2691 1265 2738 subcinycntibus
1289 2689 1400 2724 acutis
1425 2688 1575 2723 breviter
1598 2687 1718 2734 apica-

184 2754 303 2790 latisve
319 2755 628 2801 subinteyerri-mis,
655 2753 728 2788 basi
744 2752 896 2787 ventrali
915 2751 970 2786 vel
980 2751 1100 2799 planis
1118 2751 1173 2786 vel
1191 2751 1229 2785 in
1245 2751 1376 2796 plicam
1392 2748 1566 2782 minutam
1577 2745 1719 2792 compli-

184 2817 287 2856 catis,
312 2816 573 2862 amphiyastriis
596 2813 872 2849 subdi-stantibus
895 2811 1168 2846 cordato-oratis
1192 2811 1241 2844 ad
1263 2810 1406 2844 tertiam
1422 2814 1558 2855 partem
1577 2812 1721 2851 anyuste

185 2876 320 2923 bifidis,
342 2876 474 2921 fructu
500 2874 642 2909 laterali
665 2873 795 2915 sess-ili,
820 2871 929 2918 foliis
960 2869 1229 2906 involueralibus
1253 2867 1505 2915 subaequaliter
1529 2866 1647 2912 bifidi-⁹
1668 2864 1723 2900 vel

186 2935 297 2970 lobnto
337 2935 491 2970 ventrali
530 2934 735 2978 dentiformi
770 2933 976 2974 instrvctis,
1010 2931 1211 2978 periantlzio
1243 2927 1591 2976 obovato—pyrzfmvni
1622 2926 1721 2961 dorm

184 2990 328 3031 convexo
351 3002 470 3030 ventre
494 3007 641 3042 superne
664 2994 868 3028 biearinato.
