1824 3252
205 212 276 245 418
878 207 1082 244 Frullania.

484 323 656 354 Frullania
682 322 808 364 riparia
837 320 982 368 Hampe
1006 320 1080 355 Ms.
1107 321 1226 356 Lehm.
1254 322 1350 368 Puy.
1370 322 1462 358 VII,
1484 337 1522 371 p.
1555 326 1607 360 14.
1634 337 1669 360 n.
1695 328 1730 360 4.

482 381 753 424 Jungermannia
779 379 1018 423 Atchafalagae
1046 381 1186 426 Hampe
1211 381 1284 415 Hb·

482 441 755 482 Jungermannia
782 440 950 482 pulchella
976 439 1116 486 Hampe
1141 441 1213 474 Ms.

289 503 322 543 β,
348 500 518 546 bg'formis,
546 500 641 531 caule
669 499 863 531 inordinate
883 499 1097 532 divaricatim
1125 511 1276 540 ramoso,
1302 500 1392 532 foliis
1418 501 1580 533 confertis
1607 512 1730 544 squar-

349 560 548 593 rosiusculis
588 558 896 598 cordato-ovans,
934 560 1096 591 auriculis
1136 560 1294 603 plurimis
1328 560 1524 603 explanatis,
1556 562 1729 593 nonnullis

346 620 482 663 galeatis
509 618 650 661 oblique
677 619 857 657 truncatis,
891 618 1145 660 amphigastriis
1172 628 1212 651 ut
1239 619 1271 651 in
1299 628 1322 649 σε
1348 621 1402 652 vel
1427 620 1532 651 etiam
1558 619 1731 661 oblongo-

352 679 536 722 quadratis.

483 737 656 768 Frullania
684 736 842 768 biformis
868 735 1009 782 Hampe
1034 736 1111 771 Hb.

254 798 268 832 ?
294 808 331 840 γ,
357 795 627 842 εἱηραρανεηείε,
663 796 908 828 ramificatione
939 806 976 829 ut
1002 799 1035 829 in
1062 798 1095 837 β,
1122 797 1210 828 soliis
1238 797 1437 830 orbiculatis
1464 798 1621 829 concavis
1648 797 1732 829 sub—

352 855 595 895 verticalibus,
635 855 796 886 auriculis
831 857 965 899 magnis
1009 857 1181 900 plerisque
1209 858 1366 899 galeatis,
1403 858 1568 889 soliorum
1595 858 1732 889 involu—

349 917 493 948 cralium
519 915 638 946 lobulo
666 916 807 947 ventrali
833 917 997 947 maximo.

483 974 656 1006 Frullania
683 975 824 1005 aeoloiis
852 973 900 1008 Ν.
928 973 970 1007 ab
996 974 1043 1009 E.
1070 981 1105 1008 et
1130 974 1247 1009 Mont.
1299 975 1375 1010 Hb.
1403 975 1521 1010 fflont.
1547 988 1581 1009 η.
1611 978 1691 1010 125.

288 1042 324 1079 δ,
351 1036 503 1081 obliqua,
529 1034 738 1076 simplicior,
762 1033 956 1074 robustior,
993 1035 1081 1066 foliis
1109 1035 1250 1078 oblique
1278 1035 1434 1068 rotundis
1460 1035 1731 1078 subsquarrosis,

349 1095 510 1126 auriculis
546 1093 618 1124 sere
646 1093 806 1138 ornuibus
833 1095 991 1135 galeatis,
1031 1094 1283 1138 ainphigastriis
1319 1094 1614 1127 rotundo-ovans
1649 1094 1732 1125 sub-

351 1154 527 1197 angulatis.
1008 1189 1012 1194 .

482 1212 658 1243 Frullania
687 1211 826 1254 obliqua
855 1211 994 1257 Hampe
1021 1211 1096 1246 Hb.

303 1270 467 1305 Habitat
497 1280 576 1304 var.
611 1282 634 1303 σε
669 1269 716 1303 ad
754 1280 867 1313 rupes
903 1271 1075 1305 madidas
1112 1275 1149 1304 et
1183 1271 1228 1304 ad
1264 1271 1416 1305 arbores
1443 1268 1660 1312 Virginiae,
1695 1268 1733 1302 in

206 1331 463 1374 Pensylvania
491 1329 538 1363 ad
566 1330 741 1363 arborum
772 1329 917 1363 radices
940 1330 1120 1373 (Beyricli
1143 1331 1177 1363 in
1198 1330 1272 1363 Hb.
1297 1330 1400 1373 Hp.).
1453 1329 1543 1363 Var.
1572 1331 1593 1367 β
1619 1340 1734 1372 prope

205 1391 415 1425 Baltimore
442 1394 479 1424 et
506 1390 551 1423 ad
581 1389 778 1422 Ebenezar
793 1389 991 1432 Virginiae
1016 1390 1210 1433 (Beyrich‚
1239 1390 1274 1422 in
1293 1389 1368 1423 Hb.
1386 1389 1476 1432 Hp).
1529 1389 1620 1423 Var.
1648 1392 1673 1420 Ὺ
1696 1390 1733 1423 in

206 1450 398 1494 Singapur
424 1448 519 1493 (Hb.
548 1449 602 1482 M.
631 1453 668 1483 et
695 1449 775 1491 N.).
832 1448 923 1484 Var.
952 1455 970 1488 δ
996 1460 1111 1493 prope
1141 1448 1365 1489 Baltimooe,
1393 1449 1587 1482 Ebenezar
1603 1448 1730 1492 Virgi-

205 1509 292 1545 niae
319 1508 477 1554 aliisque
504 1508 540 1542 in
569 1508 659 1542 locis
687 1507 883 1542 Americac
911 1508 1212 1552 septentrionalis
1239 1508 1430 1552 (Beyrich,
1459 1508 1636 1552 Hampe).

301 1568 394 1602 Var.
422 1574 440 1606 δ
465 1567 603 1614 obliqua
637 1568 766 1602 similis
793 1573 850 1602 est
872 1568 1083 1603 Frullaniae
1107 1580 1310 1614 squarrosae
1337 1568 1472 1613 capensi
1497 1565 1589 1611 (Fr.
1618 1567 1731 1600 tuber-

206 1627 377 1674 calante),
412 1628 477 1662 sed
505 1628 749 1672 distinguitur
776 1627 871 1661 foliis
897 1629 1020 1662 minus
1046 1627 1266 1673 squam-osis,
1294 1627 1444 1671 oblique
1470 1626 1638 1660 rotundis
1664 1636 1733 1660 nec

207 1686 605 1729 cordato-oblongis,
640 1687 918 1731 anipbigastriis
952 1687 1074 1722 ovatis
1109 1686 1331 1731 profundius
1367 1686 1513 1727 incisis,
1551 1684 1733 1719 involucri

206 1745 304 1780 foliis
343 1746 685 1791 amphigastrioque
720 1746 841 1780 minus
868 1747 1044 1781 dentatis.
1095 1747 1187 1781 Var.
1215 1757 1240 1786 γ
1276 1745 1418 1779 recedit
1444 1745 1675 1789 aliquantum
1702 1748 1738 1778 et

205 1804 331 1840 forsan
359 1806 508 1849 propria
535 1806 680 1849 species
707 1806 895 1840 censenda
923 1811 990 1841 est.

538 1911 593 1942 13.
645 1910 936 1945 Frullanv‘a
959 1919 1242 1945 monocera
1268 1910 1415 1949 Taylor.

303 1978 370 2011 Fr.
396 1978 492 2012 caule
520 1979 665 2024 implexo
684 1986 861 2025 prostrato
882 1992 965 2024 ναμε
992 1992 1134 2021 ramoso,
1149 1980 1255 2025 fialz'is
1266 1978 1521 2013 suhimbricatis
1538 1976 1738 2024 patentibus

207 2035 491 2081 oblonyo—ovatz‘s
523 2039 719 2072 rotundatis
746 2038 865 2084 planis
889 2040 1126 2083 z'nceyerrimis
1154 2038 1226 2072 lobo
1250 2038 1414 2083 inferiori
1434 2037 1527 2082 {salef
1545 2038 1637 2070 ormi‘
1658 2037 1736 2069 uni-

207 2095 340 2140 spinoso
365 2097 507 2142 deflexo,
542 2098 801 2143 anzpln’yastriis
831 2099 1172 2132 orato-aezmzinatis
1205 2098 1317 2141 bifidis
1345 2098 1512 2138 dentatis,
1545 2096 1738 2143 periautlcio

209 2156 387 2190 terminali
411 2156 590 2191 obem-clato
616 2159 750 2202 trz'yono
775 2158 912 2202 anyulis
935 2158 1040 2191 hirtis
1063 2170 1121 2191 ore
1147 2156 1304 2202 tube'fero.

402 2227 673 2271 Jungermauuia
700 2241 888 2261 monocera
928 2228 1061 2274 Taylor
1079 2229 1173 2275 Hep.
1200 2229 1384 2262 antarctic.
1412 2229 1449 2262 in
1474 2228 1584 2263 Lond.
1610 2228 1737 2261 Journ.

487 2287 532 2332 qs*
550 2287 614 2321 bot.
647 2291 749 2323 1845.
769 2300 808 2334 p.
838 2291 894 2322 89.
921 2300 956 2321 π.
983 2291 1042 2322 22.

306 2349 468 2384 Habitat
493 2351 530 2384 in
557 2351 670 2385 Terra
697 2363 768 2385 van
798 2351 972 2393 Diemen‚
1000 2352 1093 2387 inter
1122 2353 1215 2387 alias
1245 2353 1452 2396 Hepaticas
1478 2363 1660 2387 crescenS.

307 2409 502 2454 Caespites
529 2411 655 2453 parvi,
684 2411 965 2445 albo-virides.
1018 2412 1155 2446 Caules
1189 2412 1266 2446 fere
1291 2412 1607 2456 semipollicares,
1641 2412 1734 2445 irre-

210 2467 386 2511 gulariter
412 2469 561 2503 ramosi.
612 2469 720 2503 Folia
747 2474 848 2504 arcte
875 2471 1094 2514 imbricata,
1131 2472 1318 2517 patentia,
1348 2472 1585 2513 tenuissima,
1612 2472 1736 2515 plana,

211 2527 395 2571 elliptica;
442 2528 632 2563 auriculae
669 2530 904 2573 galeiformes
943 2542 1057 2565 cornu
1095 2532 1306 2565 subreflexo
1348 2529 1526 2564 munitae.
1587 2530 1737 2576 Amphi-

207 2587 347 2630 yastria
373 2588 518 2622 caulem
545 2588 780 2622 excedentia.
833 2590 1071 2624 Iuvolucrum
1100 2590 1136 2624 in
1165 2591 1308 2625 ramulo
1334 2601 1463 2634 parvo,
1489 2589 1738 2633 periantliium

212 2645 288 2680 fere
314 2646 514 2690 obtegens,
549 2646 645 2681 foliis
677 2647 971 2683 involucralibus
999 2650 1080 2684 basi
1107 2650 1348 2691 coadunatis,
1375 2650 1557 2692 dentatis,
1593 2650 1737 2687 erectis,

211 2704 337 2740 lobulo
363 2707 586 2741 lanceolato.
639 2707 777 2750 Anguli
806 2709 1005 2754 pericmtlzii
1040 2709 1158 2753 spinis
1190 2708 1296 2744 vario
1322 2709 1432 2744 modo
1458 2709 1642 2750 curvatis,
1675 2708 1733 2740 in·

210 2765 355 2799 terdum
383 2765 430 2799 ad
457 2766 575 2800 instar
601 2766 683 2800 alae
710 2768 981 2803 confluentibus
1007 2769 1154 2804 muniti.

309 2821 489 2858 Proxima
506 2826 600 2859 haec
621 2825 834 2861 Frullanme
853 2827 1012 2862 aeolotidi
1032 2831 1054 2869 β
1072 2829 1240 2874 ripariae,
1267 2829 1332 2864 sed
1352 2829 1449 2863 foliis
1467 2825 1584 2869 magis
1601 2823 1736 2858 albidis

213 2881 428 2927 arctiusque
452 2884 681 2923 imbricatis,
710 2886 824 2921 lobuli
853 2888 961 2932 spina
987 2887 1146 2931 longiori
1173 2894 1210 2922 et
1236 2888 1353 2931 magis
1381 2887 1563 2928 decurva,
1591 2887 1627 2918 et
1653 2894 1735 2917 am-

213 2937 430 2982 phigastriis
456 2943 620 2979 dentatis
647 2945 801 2989 gaudet.
