1824 3252
662 198 946 244 chiloscyphus.
1498 204 1566 236 711

53 317 386 360 subcompressum.
438 313 696 361 Inflorescentia
721 312 875 348 mascula
900 312 937 346 in
965 313 1079 357 spicis
1105 312 1364 348 terminalibus
1379 313 1568 349 brevibus.

52 374 154 408 Folia
175 374 408 420 Jieriyonialia
433 373 658 414 ventricosa‚
688 377 788 407 arcte
815 372 1031 415 imbricata,
1067 372 1317 414 denticulata,
1348 371 1386 406 in
1412 383 1569 417 quorum

52 433 162 468 axilla
191 434 301 467 unica
327 434 482 467 anthera
508 433 732 477 pedicellata
757 432 957 467 invenitur.

52 537 87 569 p.
119 530 194 561 191.
246 530 304 561 40.
332 527 429 570 (47.)
460 525 830 573 Chiloscyphus
856 523 1240 572 cymbali-ferus
1266 524 1342 558 Hk.
1351 526 1399 569 jr.
1415 529 1452 559 et
1464 526 1569 570 Tayl.

144 599 208 633 Ch.
245 599 340 633 caule
373 598 449 632 laxe
482 598 628 644 implexo
664 597 836 632 subm-ecto
872 596 926 631 vel
951 595 1195 642 procumbente
1226 594 1438 642 subsimplici
1471 598 1572 631 tereti

49 665 199 697 curvato,
214 658 320 702 foliis
344 665 438 692 arcte
461 659 621 703 denseque
646 657 838 692 imbricatis
861 654 1197 702 erecto-patentibus
1221 655 1352 701 oblique
1377 657 1572 691 rotundatis

48 718 226 752 sem-utatis
262 719 418 752 concavis
457 718 615 762 maryine
658 716 810 750 ventrali
846 728 984 750 sursum
1028 716 1064 748 in
1107 714 1369 761 appendiculam
1411 715 1568 750 obovato-

50 778 268 811 rotunrlatam
302 778 488 823 producto,
525 776 789 822 ampltiyastriz‘s
814 775 1019 809 transversis
1045 774 1223 808 latissimis
1254 781 1348 809 arcte
1376 774 1571 810 imbricatis

48 835 183 869 obscure
208 835 343 869 trilobis
368 836 617 881 inteyerrimis,
641 835 841 881 periantlzio
867 834 1006 868 laterali
1030 833 1301 879 ovato-oblonyo
1325 834 1571 880 subcompresso

42 893 171 939 plicato
195 907 252 928 ore
276 896 425 929 (lentato.

236 956 504 997 Jungermannia
532 955 755 998 cymbalisera
785 952 1106 998 HookerCryptoy.
1131 959 1282 986 antarct.
1302 963 1341 997 p.
1368 954 1427 985 39.
1454 965 1489 985 n.
1509 955 1568 987 23.

323 1021 348 1047 t.
374 1014 488 1059 64.f.
513 1018 547 1049 5.
574 1014 678 1058 (quae
707 1023 818 1046 tamen
847 1025 926 1045 curu
955 1021 1045 1044 textu
1073 1023 1263 1053 congruere
1288 1024 1356 1043 non
1377 1011 1539 1053 videtur).

144 1087 305 1121 Habitat
348 1086 385 1119 in
428 1085 568 1119 Insulis
604 1084 823 1123 AucklantL
865 1084 912 1117 ad
946 1084 1093 1118 radices
1128 1083 1301 1117 arborum
1339 1086 1568 1116 vetustarum

46 1147 250 1190 sylvarum,
277 1156 373 1180 rara.
424 1144 510 1187 (Dr.
540 1144 693 1178 Hooker
713 1144 815 1188 jun.)

142 1217 338 1261 Caespites
365 1216 455 1256 laxi,
482 1215 620 1259 pallide
648 1214 876 1248 virescentes
902 1215 958 1247 vel
988 1214 1225 1248 luteseentes.
1277 1213 1399 1248 caules
1422 1214 1566 1247 subun-

45 1275 172 1316 ciales,
199 1280 348 1316 teretes,
376 1275 580 1312 intertexti.
608 1273 796 1317 simplices
817 1273 1001 1317 velparce
1020 1273 1167 1313 ramosi,
1184 1273 1354 1314 flexuosi,
1381 1273 1570 1316 prostrati,

46 1336 217 1380 apicibus
253 1335 402 1379 saepius
436 1334 615 1368 incurvis.
668 1332 773 1367 Folia
806 1332 1029 1366 densissime
1063 1333 1282 1372 imbricata,
1317 1332 1569 1372 subsecunda,

43 1395 275 1438 marginibus
299 1394 434 1428 anticis
462 1393 756 1437 adproximalis,
793 1392 1066 1436 appendicibus
1100 1403 1164 1426 seu
1194 1391 1373 1425 auriculis
1400 1392 1566 1436 pedicel-

43 1455 129 1489 latis
164 1466 184 1488 e
218 1454 436 1488 membrana
472 1453 612 1497 duplici
649 1452 816 1487 formatis
851 1453 1054 1494 instructa3
1090 1451 1301 1486 substantia
1335 1450 1568 1483 subcarnosa

43 1513 199 1547 flaccida
225 1513 435 1557 pellucida‚
470 1513 614 1547 cellulis
641 1512 840 1547 distinctis.
893 1511 1142 1545 Periantlzinm
1169 1521 1254 1544 vere
1282 1509 1454 1549 laterale‚
1487 1509 1568 1543 basi

45 1572 322 1615 subtumidum‚
362 1573 458 1606 infra
493 1584 534 1607 os
569 1582 842 1616 compressum,
881 1570 1198 1614 longitudinaliter
1229 1569 1427 1613 plicatum,
1469 1568 1567 1603 foliis

44 1632 337 1666 involucralibus
362 1632 506 1676 paucis.

142 1691 306 1725 Pulchra
340 1697 377 1726 et
414 1692 666 1726 memorabilis
706 1691 871 1735 species,
911 1690 957 1724 ad
1000 1690 1062 1724 Cla.
1099 1688 1335 1735 notoplzyllum
1371 1687 1567 1722 accedens.

44 1751 324 1795 Amphigastria
364 1752 441 1785 lata
482 1751 641 1786 obscure
677 1751 843 1785 lobulata
879 1754 1055 1795 arcteque
1089 1749 1286 1783 imbricata
1336 1748 1411 1782 sere
1451 1752 1567 1782 totum

45 1816 216 1844 ventrem
252 1810 469 1853 obtegentia
507 1810 642 1844 similia
680 1814 766 1844 sunt
804 1810 875 1843 illis
904 1809 968 1843 Ch.
992 1808 1235 1843 Billardierii.
1287 1808 1392 1842 Folia
1418 1813 1570 1852 propter

44 1871 272 1915 appendices
299 1870 462 1913 insignia
489 1871 525 1904 in
555 1875 655 1904 statu
683 1869 833 1904 madido
861 1869 1082 1903 succulenta
1109 1868 1304 1912 adparent.

591 1965 729 2011 Species
753 1966 903 2000 incertae
927 1965 1027 1999 sedis.

41 2048 76 2081 p.
108 2040 186 2072 191.
284 2039 343 2070 41.
372 2036 463 2081 (48.)
497 2035 867 2083 Chilo-scyphus
880 2036 1154 2082 fulvellus
1180 2034 1229 2068 N.
1255 2033 1303 2068 ab
1331 2034 1374 2067 E.

138 2106 201 2142 Ch.
227 2108 324 2142 caule
349 2107 495 2154 implexo
514 2108 758 2154 procumbente
788 2120 945 2147 ramosO,
969 2106 1076 2152 soliis
1109 2105 1301 2140 imbricatis
1332 2106 1452 2140 erectis
1487 2116 1565 2138 con-

41 2167 152 2207 cavis,
188 2167 338 2201 caulinis
361 2166 733 2202 abavum-rotundatis
757 2168 916 2211 maryine
942 2165 1155 2199 subdentatis
1179 2164 1351 2204 incurvis,
1388 2175 1565 2197 ramorum

39 2223 230 2258 minoribus
267 2227 463 2259 rotzmdatis
494 2227 625 2260 arctius
657 2225 852 2260 imbricatis
889 2225 1056 2265 dentatis,
1102 2223 1363 2269 ampliiyastriis
1402 2222 1565 2256 rotundis

39 2285 192 2319 concavis
214 2283 521 2329 subinteyerrz'mz's.

230 2346 498 2386 Jungermannia
535 2345 670 2376 sulvella
709 2343 842 2389 Taylor
867 2344 959 2389 Hep.
986 2349 1137 2377 antarct.
1166 2343 1205 2376 in
1232 2342 1344 2376 Lond.
1371 2341 1500 2376 Journ.
1527 2340 1572 2383 of

316 2401 383 2436 bot.
414 2405 517 2436 1844.
538 2414 577 2448 p.
604 2404 687 2436 464.
713 2415 748 2436 n.
776 2405 835 2436 23.

137 2475 297 2509 Habitat
322 2475 359 2508 in
387 2474 515 2507 Insula
542 2473 712 2507 Hermite
739 2477 776 2506 et
802 2472 848 2505 ad
878 2472 1176 2506 Promontorium
1205 2470 1324 2505 Horu.

136 2534 357 2577 „Caespites
383 2536 406 2567 3
431 2532 555 2577 pollic.
583 2532 647 2566 lati
674 2537 711 2566 et
737 2533 854 2572 ultra,
890 2531 1030 2576 pallide
1057 2531 1287 2566 fusco-flavi.
1340 2530 1462 2565 Cautes
1485 2532 1561 2564 sere

38 2594 248 2638 possicares,
273 2593 488 2626 iterato-et
512 2591 765 2635 irregulariter
790 2591 939 2632 ramosi,
967 2591 1125 2625 surculis
1141 2590 1290 2625 teneris.
1340 2590 1444 2624 Folia
1465 2601 1557 2624 cau-

39 2651 115 2684 lina
141 2651 264 2684 laxius
291 2651 499 2691 imbricata,
527 2652 609 2686 basi
635 2651 754 2694 magis
780 2651 959 2695 ampliata
985 2655 1022 2685 et
1049 2650 1214 2693 margine
1229 2650 1349 2693 magis
1364 2649 1560 2683 incurvata

39 2716 77 2745 et
101 2710 392 2745 denticulatione
425 2711 544 2754 magis
570 2711 764 2755 irregulari
797 2721 909 2756 quam
943 2710 980 2744 in
1008 2709 1132 2744 ramis.
1183 2709 1303 2743 Simili
1338 2708 1448 2742 modo
1483 2720 1558 2741 am-

32 2769 231 2815 phiyastria
256 2769 405 2804 caulina
432 2771 573 2805 maiora
598 2769 816 2814 oblongiora
848 2776 886 2805 et
911 2769 1063 2813 saepius
1090 2768 1335 2811 emarginata.

136 2828 245 2862 Obs.
298 2828 464 2871 Flagella
491 2830 614 2872 nulla,
650 2834 688 2864 et
718 2833 868 2875 propter
893 2829 1064 2864 foliorum
1093 2837 1285 2862 numerum
1313 2827 1555 2870 irregularem

39 2886 204 2921 dentium
238 2887 422 2922 minorum
462 2889 553 2923 haec
587 2889 732 2934 species
766 2889 830 2924 vix
867 2889 912 2923 ad
953 2888 1123 2932 Herpetii
1156 2888 1286 2921 Genus
1321 2886 1554 2921 referenda.“

35 2946 189 2990 (Taylor
215 2947 238 2981 Ι.
266 2950 316 2991 c.)
