1824 3252
149 184 211 216 184
411 183 414 185 '
765 179 1048 224 Chiloscyphus.

144 295 391 341 Fructifieatc'o
429 294 464 327 in
503 293 647 328 ramulo
687 293 908 327 brevissimo
944 293 1127 334 ventrali,
1169 303 1215 327 ex
1259 293 1374 327 axilla
1415 294 1670 338 amphigastrii

142 357 262 387 ortum
290 354 471 395 ducente,
509 353 556 386 ad
591 353 689 386 latus
726 351 864 386 reiecto
897 351 994 385 inter
1020 351 1107 386 folia
1137 352 1390 393 adscendens3
1426 353 1523 387 binis
1555 355 1667 387 verti—

141 412 235 447 cinis
270 412 439 447 foliorum
467 412 633 445 ramulus
661 411 828 445 fructifer
858 411 1024 445 vestitur.
1074 411 1179 444 Folia
1214 410 1440 446 involvam-alia
1469 413 1672 447 conformia

141 471 321 511 caulinis,
376 476 499 505 tamen
543 471 669 514 paullo
714 470 879 511 minora,
949 469 1255 513 amphigastrium
1297 470 1525 505 involucrale
1577 483 1669 505 cau-

141 529 225 564 linis
262 530 378 564 multo
420 530 562 571 maius,
605 529 955 574 quadridentatum3
1002 529 1090 562 solia
1122 528 1438 564 subinvolucralia
1480 531 1672 566 dimidiam

140 589 310 623 foliorum
337 589 569 624 caulinorum
597 588 892 632 magnitudinem
908 599 980 623 non
996 588 1193 631 attingunt.
1249 588 1496 623 Pet-ianthium
1527 591 1668 625 obova-

142 653 233 689 tum,
261 649 318 683 vel
346 647 829 693 cylindrico-triquetrum,
857 648 1004 691 angulis
1029 647 1213 681 interdum
1241 647 1460 691 prominulis
1485 647 1671 682 interdum

140 705 337 748 obsoletis,
375 707 483 742 basin
521 717 651 741 versus
688 707 991 748 teretiusculurn,
1037 718 1100 740 ore
1135 707 1270 741 trilobo
1315 707 1464 750 longius
1506 718 1550 741 ac
1584 708 1672 742 folia

141 764 259 798 caulis
285 765 679 807 laciniam-dentato,
712 766 828 801 ternis
853 767 1048 800 evidenter
1074 765 1171 800 foliis
1207 766 1324 809 (binis
1350 766 1563 801 dorsalibus
1588 777 1672 800 cum

142 823 408 866 amphigastrio
443 826 618 871 ventrali)
653 830 843 860 constans.
919 826 1068 861 Piscina
1094 829 1201 861 7-8.
1266 827 1361 861 Cum
1399 830 1519 860 status
1551 825 1673 860 iunior

141 882 198 915 vel
235 884 368 917 novelli
407 885 498 919 rami
535 885 706 920 foliorum
746 885 863 920 forma
898 897 920 919 a
954 886 1061 919 caule
1095 885 1293 929 principali
1327 885 1455 929 paullo
1482 884 1671 923 recedant,

141 942 303 976 varietas
330 956 345 975 ε
373 944 487 987 digna
516 944 673 986 videtur,
700 956 796 989 quae
823 936 976 989 speciali
1012 949 1099 980 nota
1124 944 1370 979 describatur.
1423 944 1527 978 Folia
1553 943 1673 977 caulis

141 1000 324 1037 diametro
350 1003 498 1038 circiter
523 1004 735 1048 quadruplo
761 1005 952 1048 longiora,
980 1004 1110 1039 leniter
1137 1004 1310 1048 obliqua,
1337 1003 1518 1048 patentia,
1545 1004 1672 1047 plana,

143 1060 224 1095 basi
252 1063 388 1097 dorsali
415 1063 582 1097 nonnihil
609 1064 869 1106 decurrentia,
896 1068 1030 1104 ovata,
1062 1063 1290 1106 marginibus
1317 1062 1551 1097 rectiusculis
1577 1073 1669 1097 ven-

143 1120 224 1154 trali
252 1123 378 1165 paullo
406 1123 523 1166 magis
551 1127 728 1165 curvato,
769 1124 816 1157 ad
844 1124 987 1168 apicem
1016 1123 1136 1167 magis
1163 1124 1334 1157 minusve
1360 1122 1673 1166 conver-gentibus

142 1180 402 1223 integerrimis.
455 1181 638 1216 Inferiora
675 1188 712 1216 et
745 1183 819 1217 alia
862 1184 933 1216 huc
979 1188 1016 1217 et
1048 1183 1135 1216 illue
1169 1183 1206 1216 in
1248 1182 1389 1216 ramulo
1434 1182 1579 1217 novello
1610 1182 1667 1215 in-

142 1249 270 1282 spersa
293 1240 400 1283 apice
419 1240 493 1274 late
515 1242 747 1285 emarginata
776 1247 841 1276 aut
868 1242 981 1277 ferme
1006 1247 1181 1276 truncata
1197 1241 1450 1282 inveniuntur,
1477 1240 1674 1276 denticulis

143 1297 290 1333 duobus
318 1300 548 1334 distantibus
576 1301 696 1335 acutis
728 1302 933 1343 subulatis;
972 1302 1008 1335 in
1044 1302 1301 1346 superioribus
1336 1301 1481 1335 accedit
1512 1300 1672 1344 primurn

141 1357 242 1391 denti
272 1359 425 1393 ventrali
453 1364 490 1394 et
516 1361 608 1394 alter
635 1360 696 1395 isti
721 1362 840 1405 magis
867 1362 1175 1406 adproximatus,
1214 1361 1250 1395 in
1283 1361 1478 1395 latioribus
1510 1360 1672 1404 denique

140 1416 237 1451 foliis
264 1419 431 1463 sequitur
450 1424 607 1464 quartus
633 1421 740 1462 dens,
768 1421 834 1455 sed
856 1421 887 1455 is
908 1422 1033 1466 paullo
1052 1421 1236 1460 remotior,
1263 1432 1336 1465 quo
1353 1421 1404 1462 fit,
1434 1424 1473 1454 ut
1490 1419 1671 1454 eiusmodi

146 1476 233 1510 folia
261 1478 367 1522 apice
385 1479 676 1524 quadridentata
698 1481 863 1515 evadant
883 1481 1016 1515 mediis
1042 1481 1217 1515 dentibus
1245 1479 1363 1523 magis
1390 1479 1671 1523 adproximatis.

140 1535 379 1572 Increscente
427 1539 513 1573 folio
560 1550 736 1574 numerus
779 1540 946 1575 dentium
986 1546 1143 1584 augetur
1183 1544 1218 1574 et
1263 1540 1317 1574 sic
1364 1539 1482 1573 sonna
1521 1548 1545 1577 ’γ
1582 1537 1668 1571 oriri

143 1594 298 1631 videtur.
358 1597 464 1631 Retis
494 1599 663 1632 maculae
690 1603 749 1632 sat
782 1610 963 1643 magnae,
1003 1600 1281 1640 subrotundae,
1317 1598 1497 1632 limitibus
1532 1597 1669 1631 crassis

140 1653 240 1688 linea
268 1656 418 1699 liyalina
445 1656 596 1698 divisis;
632 1658 803 1693 maculae
840 1659 1063 1703 marginales
1101 1670 1219 1703 aeque
1255 1668 1412 1701 magnae
1440 1667 1483 1689 ac
1509 1656 1667 1697 mediae,

140 1712 226 1745 dum
265 1713 301 1747 in
337 1716 466 1758 planta
505 1716 635 1750 adulta
669 1718 839 1751 maculae
876 1718 1103 1762 marginales
1136 1718 1306 1752 foliorum
1344 1716 1475 1751 mediis
1511 1716 1671 1750 minores

139 1772 391 1809 inveniuntur.
446 1775 716 1822 Ampltiyastria
742 1777 778 1810 in
807 1777 908 1812 hisce
935 1778 1090 1812 novellis
1118 1789 1255 1822 parva,
1292 1777 1372 1811 basi
1407 1781 1539 1815 ovata,
1575 1775 1671 1808 ultra

141 1831 302 1866 medium
325 1833 447 1875 bifida,
477 1835 623 1869 laciniis
651 1836 763 1870 rectis
790 1837 977 1871 subulatis
1003 1836 1251 1881 integerrimis
1277 1847 1326 1871 ex
1353 1847 1427 1870 una
1453 1834 1670 1868 cellularum

142 1890 238 1926 serie
263 1894 478 1927 exstructis.

237 1963 438 1998 Proximus
467 1964 553 1998 huic
581 1964 810 2012 Chiloseyplto
842 1973 968 2011 myuto
1001 1971 1079 2008 est,
1119 1967 1181 2011 qui
1217 1965 1395 2010 sequitur,
1424 1964 1670 2010 Cltiloseypleus

140 2022 457 2065 Endlielzerianus,
486 2023 549 2068 qui
577 2024 747 2059 foliorum
777 2025 884 2069 apice
911 2026 1034 2060 minus
1060 2026 1235 2068 dentato,
1269 2025 1367 2061 soliis
1392 2023 1670 2058 flaccidioribus

140 2079 268 2114 leviori
296 2086 384 2115 nota
411 2083 563 2128 quidem
591 2083 843 2128 distinguitur.

308 2205 366 2236 22.
421 2201 792 2248 Chilo-scyphus
816 2204 1264 2239 Endlae‘eherianus
1301 2203 1347 2237 N.
1376 2204 1422 2238 ab
1451 2203 1492 2236 Ε.

236 2271 299 2306 Ch.
327 2273 424 2307 caule
443 2274 689 2320 procumbente
714 2275 929 2316 subramoso,
954 2275 1061 2321 foliis
1097 2274 1372 2309 horizontalibus
1402 2274 1510 2308 ovatis
1541 2273 1670 2306 obtusis

138 2332 301 2365 recusisve
339 2333 663 2368 tri-subbidentatis
701 2335 977 2380 integserrimisve
1021 2334 1145 2368 leniter
1183 2334 1364 2381 repandis,
1408 2333 1668 2379 amplciyastriis

137 2390 366 2434 (humilibus,
408 2393 633 2439 inferioribus
666 2393 817 2428 lunatim
849 2394 1044 2428 bicornibus
1079 2395 1241 2439 utrinque
1272 2393 1487 2428 unidentatis
1519 2393 1555 2426 in
1577 2391 1669 2436 folii

137 2450 329 2494 naeuiyinem
371 2453 585 2498 superiorem
619 2451 728 2486 altero
761 2451 868 2486 latere
901 2453 1180 2495 decurrentibus,
1220 2452 1455 2499 superioribus
1487 2451 1669 2497 bipartitis

137 2508 209 2542 basi
234 2510 398 2555 utrinque
425 2511 613 2546 biclentatis
638 2511 916 2553 decurrentibus,
947 2513 1149 2559 perianfflio
1181 2524 1369 2559 compresso
1392 2511 1490 2557 apice
1514 2512 1666 2553 (lentato,

133 2568 326 2613 pecluneulo
351 2569 560 2604 brevissimo.

324 2642 594 2683 Jungermannia
633 2641 894 2675 Endlieheriaua
942 2644 990 2678 N.
1031 2643 1072 2678 ab
1111 2644 1159 2678 E.
1195 2643 1231 2677 in
1272 2641 1384 2676 Endl.
1424 2641 1556 2675 Prodr.
1603 2639 1664 2674 Fl-

415 2699 583 2745 Norfolk.
605 2712 646 2746 p.
673 2702 707 2734 4.
734 2711 770 2735 n.
800 2703 856 2735 13.

222 2771 256 2810 β,
282 2770 396 2804 minor
425 2769 581 2814 (Hooker
606 2772 639 2803 in
668 2772 733 2804 Hb.
759 2772 835 2815 L),
868 2774 956 2805 soliis
984 2775 1156 2805 nonnullis
1184 2774 1279 2816 apice
1306 2771 1545 2814 pluridentatis
1573 2772 1665 2815 peri-

281 2830 396 2862 anthio
425 2832 520 2874 apice
548 2831 836 2864 dentato—ciliato.

238 2911 397 2947 Habitat
424 2913 460 2947 in
489 2914 619 2949 Insula
648 2913 807 2950 Norfolk
834 2914 962 2958 (Ferd.
993 2915 1118 2950 Bauer
1144 2914 1182 2948 in
1210 2914 1286 2948 Hb.
1312 2913 1512 2949 Endlicher
1538 2917 1574 2946 et
1600 2912 1664 2955 N.)
