1824 3252
129 175 199 207 316
747 168 1046 211 Plagiochasma.

133 288 239 321 rioris
276 284 403 328 exigui
438 283 573 318 elevati
611 281 686 316 albi
723 281 761 315 in
794 285 894 316 statu
930 281 1030 316 sicco
1063 282 1306 326 inconspicni.
1366 282 1466 317 Infra
1495 282 1662 316 carinam

130 345 273 380 frondis
320 343 484 378 cuticula
524 351 804 385 purpurascens
843 341 1086 374 transversim
1129 342 1268 385 plicata
1307 348 1578 388 praetereaque
1626 343 1662 376 in

133 411 289 450 utroque
325 404 438 436 latere
473 400 631 434 ventrali
659 399 775 434 series
801 411 1042 445 squamarum
1070 400 1351 434 imbricatarum
1378 411 1664 445 purpurearnm⁷

133 476 227 509 quae
267 461 438 505 singulae
477 461 630 494 lunatae
669 459 706 494 in
749 470 907 494 acumen
950 459 1144 505 obliquum
1185 460 1435 494 lanceolatum
1475 462 1662 504 hyalinum

135 529 289 559 exeunt.
354 520 585 567 Receptacula
609 519 771 565 feminea
809 519 970 553 subinde
1009 522 1033 553 2
1060 541 1073 546 -
1103 523 1125 554 3
1161 520 1197 553 in
1237 519 1333 553 serie
1370 519 1493 553 media
1529 520 1664 563 posita.

134 585 323 627 squamae
336 581 589 615 involucrales
605 580 802 614 inferiores
823 579 868 613 ad
886 579 992 613 basin
1008 579 1209 623 pcdunculi
1231 579 1403 621 lineares,
1418 579 1665 618 acuminatae,

131 643 280 676 albidae
307 645 753 685 purpureo-punctatae.
806 637 1029 672 Pedum-ulus
1054 638 1164 673 modo
1190 638 1430 682 conspicuus,
1456 637 1566 671 modo
1593 638 1661 670 ab-

131 702 274 737 ortivus
301 701 540 745 receptaculo
567 704 646 734 tum
675 699 751 733 fere
780 699 916 733 sessili.
969 698 1044 733 Ubi
1071 698 1308 742 pedunculus
1337 698 1463 737 adest,
1490 702 1661 741 recepta-

132 763 255 796 culum
283 760 482 794 femineum
512 760 593 793 eius
621 758 728 803 apice
756 759 820 792 vix
848 762 906 792 est
933 758 1116 802 amplius,
1159 757 1267 791 valde
1295 767 1483 800 rugosum.
1537 757 1664 791 Loculi

137 825 228 861 1-3,
255 820 394 864 magni,
422 818 569 859 tumidi,
597 816 898 862 hemisphaerici‚
926 818 1154 852 verticaliter
1179 823 1390 851 extrorsum
1416 817 1665 857 dehiscentes,

133 884 246 916 rimae
275 879 510 923 marginibus
539 879 705 912 involuto
720 877 990 919 -'incrassatis;
1027 878 1199 921 singulus
1234 877 1376 910 loculus
1412 875 1443 910 si
1478 876 1665 920 perficitur

133 943 191 976 bic
227 951 374 975 sursum
408 939 601 974 dehiscere
635 938 801 973 videtur(
848 938 1098 972 Periantlzium
1125 937 1281 971 nullum.
1335 935 1484 982 Capsula
1510 935 1665 975 sessilis,

134 1001 270 1036 xertice
297 998 551 1043 irregulariter
578 1008 779 1041 rumpens,
813 998 1006 1042 calyptrae
1033 997 1199 1040 vestigiis
1227 995 1306 1029 basi
1334 995 1470 1028 cincta.
1523 994 1666 1028 Semina

131 1061 283 1105 copiosa
311 1060 436 1099 fusca,
475 1057 952 1102 anguloso-subglobosa‚
988 1056 1220 1101 epidermide
1248 1055 1435 1099 pellucida
1461 1059 1661 1099 punctato-

130 1131 266 1164 rngosa
293 1118 468 1153 nucleum
495 1117 734 1162 sphaericum
762 1117 905 1151 laevem
934 1117 1163 1151 includente.
1216 1114 1379 1149 Elateres
1413 1114 1514 1148 striis
1540 1114 1666 1148 multis

131 1178 386 1214 subtilissimis
425 1178 559 1212 notati.
594 1196 639 1203 —
679 1177 926 1211 Peduuculus
965 1176 1069 1210 sulco
1108 1180 1268 1218 angusto
1307 1167 1566 1218 longitudinali
1605 1173 1663 1207 in-

132 1241 300 1283 sculptus
328 1243 396 1272 est.
433 1237 590 1283 (Taylor
618 1237 640 1271 Ι.
668 1238 721 1280 c.)

378 1300 413 1332 6.
463 1297 882 1342 Plumae-hasmet
909 1295 1198 1331 limbatwm
1228 1294 1275 1328 N.
1303 1295 1350 1327 ab
1375 1294 1416 1327 Ε.

231 1358 292 1392 Pl.
307 1357 442 1403 frome
477 1355 651 1403 (impleta
673 1356 880 1401 prostrata)
915 1343 1216 1399 Ιίιιεανὶ-οὒῖοηῂα
1248 1353 1343 1399 apice
1377 1351 1486 1386 biloba
1514 1354 1668 1395 nrmyimf

133 1420 259 1453 clevata
291 1423 476 1461 corr-nyma
504 1417 698 1460 nissi-icardo
722 1415 844 1450 subtus
868 1416 1056 1459 sanyuinea
1082 1415 1180 1448 dense
1206 1412 1389 1457 rumdam,
1415 1412 1566 1458 squamis
1586 1424 1664 1445 ren—

131 1478 278 1512 tralibus
302 1477 496 1511 semim-atis
524 1475 896 1514 lineari-acuminatis,
912 1473 1094 1520 fiuctibus
1120 1474 1156 1507 in
1169 1472 1318 1518 frondis
1333 1471 1494 1506 articulis
1514 1472 1665 1509 serialis,

132 1536 343 1585 receptaculo
356 1536 513 1581 femineo
537 1535 656 1569 subtus
681 1536 773 1569 nudo
798 1533 1041 1579 (hilar-ulmi).

323 1597 494 1640 Fegatclla
521 1595 662 1626 limbata
701 1593 834 1640 Taylor
862 1593 955 1639 Hep.
983 1598 1133 1627 amaret.
1169 1593 1205 1625 in
1233 1591 1346 1625 Loml.
1374 1590 1501 1624 λειω-η.
1537 1588 1580 1635 (gf
1599 1589 1665 1623 bot.

412 1645 517 1677 1845.
538 1655 577 1689 p.
603 1645 661 1676 95.
688 1654 723 1675 η.
752 1646 811 1676 36.

229 1702 390 1737 Habitat
415 1702 453 1736 in
482 1702 614 1736 Insula
640 1700 910 1736 Adscensionis
935 1699 1110 1745 (Hooker
1131 1699 1240 1743 jun.).

225 1762 381 1796 Frondes
407 1761 444 1794 in
472 1766 591 1795 strata
617 1761 734 1794 densa
761 1761 904 1806 aliquot
930 1759 1107 1804 pollicum
1134 1758 1317 1792 diametro
1344 1757 1522 1792 collectae
1549 1767 1664 1790 cana-

133 1822 321 1859 neumae,
347 1820 509 1854 subinde
537 1820 644 1863 apice
673 1820 837 1863 bilobae‚
865 1831 979 1864 saepe
1007 1824 1043 1854 et
1069 1818 1259 1862 simplices
1286 1818 1369 1851 sinu
1397 1817 1516 1861 apicis
1541 1828 1662 1861 angu-

130 1879 293 1915 stissimo
317 1879 628 1924 brevissimoque,
655 1880 756 1914 color
783 1879 821 1913 in
850 1886 951 1914 statu
978 1877 1132 1912 humido
1154 1877 1306 1918 viridis;
1332 1876 1470 1920 pagina
1497 1875 1666 1920 superior

129 1940 230 1982 poris
256 1938 383 1972 multis
410 1938 567 1972 elevatis
594 1938 731 1972 albidis
757 1943 960 1982 punctata3
997 1937 1137 1981 pagina
1164 1937 1316 1970 inferior
1342 1936 1549 1970 secundum
1577 1935 1666 1969 axin

129 1999 244 2032 dense
279 1996 492 2031 radiculosa
527 1995 613 2030 hinc
648 1996 823 2041 utrinque
860 2001 959 2030 tecta
985 1995 1154 2040 squamis
1181 1995 1216 2028 in
1253 1995 1348 2028 serie
1376 1994 1569 2037 dispositis
1591 1994 1661 2026 im-

131 2056 284 2090 bricatis
317 2055 536 2090 semiovatis
578 2053 988 2089 lineari-acuminatis
1035 2055 1185 2088 intense
1228 2054 1470 2097 sanguineis3
1521 2053 1608 2087 inde'
1643 2066 1663 2086 a

131 2115 298 2162 squamis
318 2126 438 2160 usque
459 2115 506 2149 ad
527 2115 735 2158 marginem
757 2113 960 2158 epidermis
986 2114 1149 2159 paginae
1175 2113 1361 2147 inferioris
1388 2113 1504 2148 dense
1525 2113 1663 2157 plicata

130 2183 186 2210 est
212 2174 417 2219 itidemque
444 2173 645 2218 sanguinei
671 2174 820 2208 coloris.
859 2172 1094 2219 Receptacula
1119 2177 1195 2206 tam
1221 2171 1413 2207 masculina
1431 2171 1662 2216 quamfemi-

132 2236 214 2269 ιιῖηα
240 2233 278 2268 in
304 2233 402 2266 linea
439 2234 564 2268 media
590 2233 692 2267 dorsi
718 2243 832 2277 saepe
868 2236 964 2268 2-3
992 2243 1067 2266 una
1094 2232 1190 2265 serie
1225 2231 1422 2276 disposita.
1473 2232 1663 2276 Squamae

127 2293 377 2329 involucrales
401 2293 540 2337 plures,
563 2293 811 2334 lanceolatae,
840 2292 1043 2332 scariosae,
1070 2292 1230 2326 obscure
1250 2302 1464 2336 purpureae
1491 2292 1663 2326 acumine

127 2353 269 2396 pallido
304 2352 565 2396 pellucidove‚
592 2351 630 2385 in
658 2355 756 2385 statu
785 2351 940 2385 iuvenili
976 2352 1217 2396 receptacula
1242 2357 1318 2385 tam
1345 2351 1524 2385 feminina
1550 2361 1661 2396 quam

130 2412 338 2446 masculina
356 2410 605 2451 includentes,
632 2410 782 2444 demum
801 2421 945 2445 emerso
972 2412 1212 2455 receptaculo
1238 2412 1274 2445 in
1301 2411 1431 2445 fronde
1456 2422 1660 2455 expansae.

132 2470 369 2516 Receptacula
383 2471 546 2515 feminea
570 2470 645 2505 alia
683 2470 939 2515 pedunculata
975 2471 1050 2506 alia
1085 2471 1252 2510 sessiba,
1289 2471 1523 2505 subrotunda
1557 2470 1661 2504 disco

126 2542 263 2575 supero
289 2541 449 2566 carnoso
475 2541 622 2574 rugoso.
676 2530 807 2565 Loculi
829 2530 1050 2575 plerumque
1076 2531 1165 2571 duo,
1190 2530 1310 2565 valvis
1336 2529 1473 2563 crassis
1499 2530 1547 2563 ad
1572 2539 1657 2563 ver-

126 2591 238 2624 ticem
265 2589 545 2624 dehiscentibus
578 2590 813 2633 marginibus
838 2589 1279 2625 involuto-incrassatis.
1330 2588 1557 2634 Receptaeali
1585 2601 1659 2622 ma-

126 2649 252 2682 sculini
289 2649 416 2682 discus
457 2649 775 2689 suborbicularis‚
815 2660 1018 2691 carnosus,
1063 2648 1183 2683 frondi
1222 2647 1419 2682 immersus
1453 2648 1659 2682 tuberculis

129 2714 150 2742 ὃ
171 2729 187 2735 -
214 2711 254 2742 10
285 2708 594 2752 hemispliaericis
628 2708 795 2750 obsitus,
833 2720 930 2754 quae
967 2709 1138 2752 singulae
1172 2706 1373 2742 cavitatem
1406 2706 1575 2741 conicam
1610 2708 1656 2739 ad

130 2767 236 2801 basin
263 2779 382 2812 usque
411 2767 639 2811 receptaculi
664 2772 926 2811 penetrantem
953 2768 1216 2812 singulamque
1244 2766 1435 2801 antheram
1471 2766 1657 2801 foventem

126 2827 322 2870 obtegunt.
358 2827 510 2873 Capsula
530 2827 684 2861 sessilis.
719 2826 861 2861 Semina
880 2826 1325 2871 angulato-subglobosa.
1359 2825 1520 2860 Elaceres
1537 2826 1656 2870 parvi.

226 2885 360 2919 Differt
397 2897 420 2920 a
458 2886 760 2932 Playioclecwmate
783 2886 934 2921 australi
971 2886 1102 2921 fronde
1139 2886 1259 2929 magis
1297 2885 1449 2926 lineari,
1490 2885 1657 2930 squamis

124 2945 356 2978 venti-alibus
383 2945 600 2980 semiovatis
627 2945 806 2990 discoque
834 2946 1060 2990 receptaculi
1088 2945 1255 2980 seminini
1282 2945 1415 2980 latiori.
