1824 3252
692 139 982 181 Pbragmicoma.
1520 147 1585 177 297

81 254 322 297 irregulares;
356 252 499 286 mediae
526 252 721 295 oblongae,
748 251 1020 293 subaugulatae
1048 254 1083 283 et
1110 249 1392 285 intercalaribus
1421 256 1589 294 angustis

80 312 348 346 confluentibus
374 311 569 345 discretae.
621 311 888 356 Amplziyast1·ia
920 309 1006 343 folio
1024 309 1137 352 duplo
1159 309 1314 353 triplove
1337 310 1490 351 minora,
1516 313 1585 346 im-

82 369 232 412 bricata,
259 371 654 414 quadrato-cuneata,
680 370 929 413 integerrima,
959 369 1121 412 margine
1148 379 1282 412 supero
1308 375 1420 410 recto,
1445 373 1589 414 angulis

80 429 223 463 obtusis
256 430 546 474 lateralibusque
581 429 757 462 recurvis.
808 428 966 462 Fructus
1000 428 1035 461 in
1073 428 1224 461 ramulis
1252 432 1304 468 {-
1326 431 1340 460 1
1378 428 1438 462 lin.
1473 430 1591 473 longis

80 488 288 530 aggregatis
315 488 528 522 terminalis.
571 488 677 522 Folia
702 491 739 521 et
765 486 1029 530 amphigastria
1056 486 1186 520 ramuli
1213 487 1390 521 fructiferi
1417 489 1592 524 inferiora

81 547 238 581 caulinis
279 547 432 587 similia;
481 547 670 590 superiora
714 546 847 580 sensim
888 545 1105 579 crescentia.
1170 545 1346 581 Incvlucri
1371 547 1467 592 fiilia
1505 549 1590 587 duo.

82 605 254 640 interiora
284 606 431 650 reliquis
448 606 562 650 duplo
581 605 733 646 maiora,
760 605 993 648 complicata,
1022 605 1127 648 apice
1146 605 1285 648 patula,
1315 605 1425 639 bifida
1447 608 1592 642 laciniis

82 665 202 698 ovatis
230 665 348 699 acutis
367 664 616 707 integerrimis
637 664 793 698 ventrali
813 664 955 698 minori.
1007 664 1324 708 Amphigastrium
1351 666 1592 708 penultimum

82 724 187 756 ovale
223 725 329 768 apice
362 724 585 767 repandum,
620 734 830 767 supremum
867 724 972 757 ovale
1000 723 1105 766 apice
1133 723 1376 757 bidentulum.
1440 726 1591 759 Perian-

83 783 193 817 tleium
219 784 409 819 involucro
436 784 646 818 immersum
674 784 810 818 vertice
838 783 1052 817 umbilicato
1076 784 1154 818 solo
1173 788 1386 827 apparente.
1429 785 1593 818 Textura

83 842 276 884 perianthii
304 843 416 886 paulo
441 842 562 876 laxior
589 843 745 876 maculis
773 842 1025 885 amplioribus,
1056 847 1242 875 caeterum
1271 842 1438 876 foliorum
1465 848 1591 877 textu-

84 911 145 934 rae
171 911 344 944 congrua.

302 983 335 1014 8.
385 979 792 1026 Phsraymieoma
819 979 1091 1014 verticalis
1129 979 1170 1013 L.
1197 983 1234 1013 et
1261 980 1380 1022 Ldbg.

178 1052 269 1085 Plzr.
295 1050 391 1085 caule
416 1056 552 1096 repente
577 1050 773 1089 (lielzotomm
788 1048 894 1094 foliis
918 1048 1111 1082 imbricatis
1136 1048 1413 1085 subvertiealibus
1433 1053 1593 1085 rotundo-

82 1111 188 1144 aratis
212 1110 340 1144 obtusis
363 1111 516 1144 com-emis
540 1110 769 1153 inteyerrimis
804 1107 876 1141 basi
901 1107 1017 1141 subtus
1042 1107 1270 1153 complicatis,
1303 1108 1413 1142 lobulo
1445 1109 1516 1143 basi
1543 1111 1595 1142 iu-

72 1169 165 1213 flato
190 1170 343 1214 margine
368 1170 584 1213 inteyerrimo
609 1167 856 1202 denticulatove
889 1167 924 1200 in
939 1166 1072 1211 Jblium
1098 1168 1308 1206 acuminato,
1342 1169 1599 1213 amplziyastriis

82 1228 251 1272 contionis
276 1227 476 1262 orbiculatis
497 1227 613 1272 planis
637 1226 877 1271 inteyerrimis,
897 1226 1107 1271 periantlziis
1139 1226 1176 1259 in
1207 1226 1409 1260 cliclzotomia
1433 1226 1599 1260 sessilibus

83 1285 295 1319 incolum-mn
318 1286 556 1332 superantibus
580 1285 729 1320 obocatis
747 1285 892 1331 plicatis
916 1285 1070 1329 viat-(siue
1094 1284 1352 1331 subcompressis
1385 1298 1442 1319 ore
1465 1298 1597 1319 mucro-

83 1346 184 1379 nntis.
238 1345 397 1380 Gottsclee
423 1345 474 1378 Ic.
502 1345 578 1390 Lej.
606 1345 635 1378 1.
663 1347 719 1378 21.

270 1406 537 1447 Jungermannia
565 1405 735 1485 (igniculis
764 1403 808 1437 L.
825 1410 856 1437 et
873 1403 938 1447 Ly.
966 1403 1002 1436 in
1030 1402 1148 1436 Lelzm.
1178 1402 1273 1446 Puy.
1295 1402 1345 1447 pl.
1374 1402 1441 1436 IV.
1460 1403 1602 1445 (1832.)

354 1463 394 1497 p.
418 1454 477 1486 50.
504 1462 539 1485 η.
617 1475 624 1484 .

275 1510 538 1552 Phragmicoma
576 1510 838 1554 melauophloea
883 1510 938 1543 M.
964 1516 995 1543 et
1024 1510 1070 1542 N.
1112 1509 1146 1542 in
1180 1509 1305 1543 schedis
1339 1507 1448 1541 Her-b.
1483 1508 1597 1541 Dlont.

360 1563 392 1590 et
420 1557 518 1590 Nees.
544 1569 579 1590 n.
606 1558 689 1590 274.

274 1618 446 1649 Frullauia
471 1617 663 1659 Leprieurii
698 1615 745 1648 N.
771 1621 803 1648 et
829 1615 885 1648 M.
911 1614 994 1648 ibid.
1021 1626 1056 1648 π.
1083 1616 1166 1648 261.
1221 1614 1336 1648 Mont.
1365 1615 1462 1649 C'ent.
1490 1618 1524 1649 2.
1549 1615 1597 1660 pl.

357 1662 429 1698 cell.
456 1663 494 1695 in
522 1662 620 1696 Ami.
646 1663 701 1696 des
725 1674 769 1695 sc.
795 1668 869 1695 nat.
896 1665 931 1696 2.
947 1662 1023 1696 Ser.
1051 1661 1162 1695 XIV.
1184 1673 1223 1707 p.
1239 1664 1322 1696 333.
1336 1665 1444 1696 22.68.
1468 1674 1495 1696 c.
1511 1662 1597 1695 icon.

184 1722 344 1756 Habitat
370 1722 407 1755 in
435 1721 605 1755 Jamaica
631 1720 777 1760 insula,
806 1721 842 1754 in
871 1721 1042 1754 arborum
1070 1719 1207 1754 cortice
1241 1720 1334 1761 (Hb.
1362 1721 1404 1755 L.
1433 1726 1468 1755 et
1495 1721 1599 1764 Lg.):

87 1782 124 1816 in
153 1782 301 1816 Guiana
330 1780 497 1814 Gallica:
539 1779 575 1813 in
611 1779 747 1813 cortice
785 1779 995 1813 Crescentiae
1030 1779 1170 1812 Caietae
1204 1779 1249 1812 ad
1286 1779 1429 1813 radices
1465 1779 1600 1813 montis

91 1841 249 1875 Barduel
273 1850 388 1884 prope
407 1839 620 1882 Cayennam
649 1838 743 1879 (Hb.
759 1838 866 1881 Lepr.
892 1849 923 1870 n.
941 1840 1011 1871 273
1026 1842 1063 1871 et
1076 1841 1158 1878 277,
1186 1837 1263 1870 Hb.
1278 1837 1331 1871 M.
1348 1842 1384 1872 et
1401 1837 1474 1880 N.).

180 1899 211 1932 A
241 1898 332 1931 Phr.
354 1898 554 1944 polyc-atym,
582 1897 747 1931 omnium
774 1896 958 1940 proxima.
985 1896 1273 1939 distinguenda:
1301 1896 1468 1937 minutie,
1496 1896 1600 1930 caule

87 1957 322 2002 simpliciore,
350 1956 518 1991 soliorum
546 1955 681 1989 lobulis
708 1965 820 1998 saepe
847 1954 1105 1996 denticulatis,
1132 1954 1349 1998 perianthiis
1376 1959 1453 1989 toto
1480 1954 1600 1997 longi-

87 2015 214 2050 tudine
241 2016 350 2050 dorso
376 2019 412 2049 et
439 2018 566 2048 ventre
592 2014 826 2058 (plerumque
855 2014 887 2057 ξ)
914 2013 1075 2057 plicatis.

181 2075 352 2109 Adnot.
407 2074 542 2107 Planta
572 2072 818 2113 Guianensis,
855 2082 965 2116 quarn
1001 2072 1085 2106 olim
1123 2072 1308 2106 diversam
1336 2071 1495 2115 speciem
1524 2081 1603 2105 esse

87 2133 446 2173 existimaveramus,
473 2143 547 2166 non
575 2132 695 2166 differt
721 2142 742 2164 a
769 2131 859 2165 Pler.
876 2130 1034 2164 eortieali
1060 2131 1128 2164 nisi
1156 2135 1297 2164 statura
1320 2131 1433 2174 paulo
1452 2130 1603 2168 maiore,

89 2192 213 2226 lobulo
240 2192 408 2226 foliorum
434 2191 596 2225 omnium
624 2190 884 2233 integerrimo,
919 2189 1092 2234 foliisque
1119 2189 1240 2223 minus
1267 2190 1420 2229 erectis,
1454 2188 1603 2233 reliquis

89 2250 261 2284 omnibus
288 2251 514 2285 conveniunt
539 2249 854 2284 Jamaicensibus.

308 2334 344 2365 9.
394 2330 804 2376 Phraymicoma
827 2329 1109 2366 versicolor
1134 2328 1176 2362 L.
1201 2330 1239 2361 et
1264 2326 1382 2371 Ldbg.

185 2401 273 2434 Plir.
301 2400 397 2435 caule
421 2407 557 2447 repente
581 2400 824 2445 irreyularz'ter
843 2401 1011 2446 pinnato,
1040 2399 1145 2445 foliis
1180 2405 1274 2432 arcte
1308 2397 1499 2431 imbricatis
1522 2396 1601 2430 sub-

88 2459 308 2495 rerticalibus
331 2459 482 2505 oblonffl's
506 2461 703 2494 rotundatis
728 2461 955 2504 inteyerrimis
980 2459 1053 2493 basi.
1072 2459 1203 2505 postica
1228 2456 1606 2502 sinuato-conmlicutis,

91 2517 198 2552 lobulo
223 2519 345 2565 inflato
369 2520 525 2564 maryine
549 2519 857 2565 repando-sinuato
882 2519 977 2564 apice
1003 2519 1040 2552 in
1054 2518 1187 2564 foliam
1210 2523 1404 2551 transeunte
1418 2523 1604 2550 extrorsum

92 2583 250 2610 truncato
283 2579 543 2617 mzidentatove,
580 2578 838 2623 (zmpltiyastriis
866 2578 990 2623 parcis
1025 2577 1214 2610 imbricatis
1247 2575 1377 2621 oblique
1413 2574 1605 2608 obem-dato—

93 2635 335 2680 reniformibus
359 2638 496 2676 retusis,
517 2638 730 2682 periantliiis
762 2650 779 2670 e
805 2636 1008 2670 (lichotom'ia
1033 2636 1223 2670 obcordatis
1255 2635 1451 2680 compressis
1468 2632 1608 2678 plicatis

93 2692 322 2734 (iuvenilibus
347 2702 479 2730 tantum
506 2696 623 2741 visis).
677 2695 836 2729 Gottsche
862 2694 914 2730 Ic.
942 2695 1018 2741 Lej.
1047 2694 1100 2729 II.
1132 2697 1186 2729 ll.

281 2754 547 2795 Jnngermannia
577 2756 757 2787 auriculam
791 2752 922 2787 Wilson
948 2753 985 2787 in
1012 2753 1125 2787 Musc.
1143 2751 1443 2786 Amer.Drmnm.
1469 2760 1503 2781 n.
1529 2752 1607 2783 170.

285 2811 544 2851 Phragmicoma
579 2815 805 2856 spatbulistipa
842 2825 910 2844 var.
947 2813 1004 2852 β*
1025 2812 1080 2833 ἧς*
1132 2811 1202 2854 (tm
1241 2810 1361 2856 species
1400 2808 1607 2852 (listincta?)

374 2857 419 2890 N.
445 2857 486 2891 ab
514 2859 560 2894 E.
587 2861 623 2893 in
650 2859 758 2893 Herb.
791 2859 923 2903 Wiylzt.
950 2871 981 2893 η.
1011 2862 1033 2893 4
1059 2865 1090 2892 et
1115 2861 1149 2893 7.
