1824 3252
775 166 1012 207 Fimbriaria.
1584 177 1645 207 561

132 285 178 318 ad
208 283 349 318 frondis
377 283 601 327 angustioris
629 284 734 318 basin
762 284 925 327 positus,
961 283 1057 316 unde
1094 281 1217 325 planta
1258 282 1408 324 (saltem
1436 283 1653 327 aliquando)

131 342 265 377 dioica.
319 343 396 376 Ora
430 342 635 376 loculorum
674 342 981 377 antlieriferorum
1009 341 1188 384 plurima,
1217 341 1459 383 nigricantia,
1487 348 1651 385 pertusa,

131 412 244 445 supra
269 406 450 435 tumorem
473 401 663 436 tolluntur.
713 401 983 447 Receptaculum
997 400 1192 445 femineum
1217 410 1330 443 supra
1360 410 1578 433 verrucoso—
1599 402 1653 434 rel

130 461 529 504 papilloso-asperum‚
556 460 722 502 margine
749 471 768 493 e
795 460 1018 504 papillarum
1048 458 1296 502 prominentia
1322 463 1497 501 crenato;
1532 460 1652 492 fructu

76 544 79 547 s
131 531 218 554 vero
244 525 409 554 tumente
436 519 712 563 receptaculum
748 519 784 552 in
811 519 916 553 lobos
942 518 1046 562 quasi
1075 517 1258 557 divisum,
1295 517 1446 550 mininie
1482 527 1567 550 vero
1593 517 1649 549 in-

131 578 246 611 cisum
275 582 341 612 est.
392 578 520 611 Loculi
546 581 568 612 3
597 598 615 602 —
644 581 678 618 4,
708 577 826 610 rarius
852 581 887 618 5,
913 576 1064 620 saepius
1092 579 1108 610 l
1140 596 1155 602 -
1184 579 1219 616 2,
1247 576 1413 618 margine
1439 577 1476 609 in
1499 576 1654 609 lacinias

130 637 283 670 obtusas
308 647 456 671 crassas
483 636 615 670 diviso.
661 636 910 669 Per-ianthium
927 635 1111 669 devexum
1128 634 1184 668 vel
1204 634 1443 674 horizontale,
1470 635 1654 667 interdurn

130 694 375 735 adscendens,
402 696 621 735 flavescens,
649 695 685 728 in
707 694 861 727 lacinias
888 699 1050 728 costatas
1077 696 1125 726 S—
1145 696 1199 734 13,
1228 693 1332 735 apice
1352 694 1525 726 tubuloso
1542 693 1653 726 etiarn

130 758 214 795 post
248 754 390 787 fructus
435 753 685 787 maturitatem
726 753 986 793 cohaerentes,
1030 752 1202 786 solutum.
1272 749 1494 784 Pedunculus
1534 751 1649 784 ssavo-

130 809 275 851 viridis,
303 812 594 852 2—3-linearis,
619 811 724 844 cuius
748 811 826 845 basi
849 811 945 845 duae
967 816 1030 844 aut
1047 816 1122 844 tres
1146 810 1276 854 paleae
1297 810 1540 850 lanceolatae,
1569 811 1652 843 hinc

130 868 217 902 inde
254 880 421 912 paucae,
462 869 558 912 apici
595 879 682 903 vero
716 870 897 912 plurimae
939 869 1076 902 indusii
1113 879 1291 912 squamae
1327 868 1546 902 articulatae
1581 870 1649 901 ad-

129 929 292 961 haerent.
346 928 519 971 Propago
555 927 715 960 feminea
758 939 805 961 ex
842 928 973 962 fronde
1010 927 1115 961 senili
1152 938 1267 970 prope
1303 927 1504 970 pedunculi
1544 928 1651 961 basin

128 987 225 1028 exit,
261 987 404 1027 biloba;
439 997 605 1030 propago
644 998 731 1020 vero
769 986 977 1020 masculina
1013 990 1069 1020 est
1112 985 1252 1019 frondis
1298 986 1423 1018 senilis
1457 987 1652 1029 productio

129 1045 334 1088 angustior,
362 1046 547 1088 elongata,
574 1056 753 1079 concava.

225 1105 256 1137 A
290 1104 512 1137 Fimbriaria
557 1106 760 1149 maryiuata
803 1110 949 1139 statura
990 1105 1153 1144 minore,
1204 1104 1439 1147 receptaculo
1484 1104 1653 1146 planiori,

128 1162 309 1197 fructibus
336 1164 454 1207 magis
479 1164 634 1198 stellatis
654 1165 798 1207 longius
820 1165 961 1198 recedit
978 1164 1170 1207 primoque
1190 1163 1370 1206 adspectu
1386 1163 1649 1205 dignoscenda.

451 1247 484 1278 8.
537 1237 861 1279 Fimbriam-ia
889 1244 1152 1278 australis
1177 1243 1324 1286 Taylor.

222 1300 269 1334 F.
294 1300 428 1345 fronde
469 1302 770 1336 lineari-obovata
810 1303 1002 1336 dichotoma
1035 1301 1191 1345 elonyata
1232 1302 1324 1346 apice
1358 1300 1467 1335 biloba
1498 1304 1651 1346 mmyine

122 1370 301 1404 purpurea
323 1361 474 1395 scariosa
498 1361 669 1395 undulata
695 1363 932 1407 inteqerrima,
957 1360 1167 1406 receptaculo
1181 1356 1340 1405 femineo
1364 1367 1544 1405 οοννυθαίο
1577 1374 1650 1395 vei-³

128 1419 192 1451 tice
216 1418 408 1464 subyloboso
434 1419 506 1454 basi
530 1421 736 1466 quadrifide,
758 1421 952 1467 peclmzculo
976 1422 1105 1465 apicem
1130 1431 1246 1453 versus
1271 1417 1519 1463 subsqumnoso.

316 1480 519 1511 Fimbriaria
553 1483 708 1512 australis
747 1480 879 1527 Taylor
915 1480 1008 1526 IIep.
1043 1486 1196 1513 arctaret.
1239 1479 1276 1511 in
1310 1478 1422 1512 Lond.
1456 1479 1581 1512 Jom‘n.
1614 1480 1657 1523 «μ’

404 1537 471 1571 bot.
503 1542 606 1572 1844.
627 1551 668 1584 p.
694 1542 777 1574 573.
805 1553 840 1574 η.
869 1543 928 1574 49.
979 1539 1093 1572 ΗυοΙι.
1122 1538 1211 1583 Hep.
1239 1544 1390 1571 metm-ct.
1413 1550 1450 1582 p.
1479 1541 1536 1572 79.

224 1597 384 1631 Habitat
409 1597 447 1630 in
475 1597 586 1631 Nova
613 1598 831 1641 Zeelandia,
857 1599 922 1633 ubi
950 1598 1039 1641 legit
1065 1608 1139 1630 rev.
1169 1597 1340 1631 Colenso.

222 1655 380 1689 Frondes
405 1655 469 1689 vix
496 1655 723 1698 biunciales‚
765 1657 820 1691 bis
853 1663 955 1691 terve
990 1655 1408 1694 dichotomo-divisae,
1444 1655 1523 1688 basi
1560 1666 1643 1697 per--

127 1717 326 1756 angustae,
352 1713 534 1748 iuveniles
559 1714 668 1748 sicuti
697 1722 733 1748 et
759 1716 1034 1750 subdivisiones
1061 1720 1252 1749 extremae
1279 1713 1647 1754 lineari-obmalare,

126 1773 161 1805 in
188 1776 286 1806 statu
314 1773 465 1806 humido
489 1773 642 1815 planae,
669 1775 792 1807 siccae
819 1779 943 1808 autem
970 1775 1135 1817 margine
1162 1773 1362 1813 incurvae,
1389 1772 1528 1816 pallide
1555 1773 1642 1805 viri-

125 1832 212 1872 des,
250 1832 286 1865 in
320 1831 458 1875 pagina
490 1832 672 1875 superiori
705 1834 821 1867 dense
855 1844 1012 1877 porosae
1049 1833 1149 1877 poris
1183 1830 1348 1865 cuticula
1384 1830 1470 1865 alba
1503 1832 1645 1864 elevata

126 1891 246 1925 tectis.
296 1892 469 1936 squamae
494 1890 663 1924 ventrales
689 1893 736 1925 ad
763 1893 861 1926 latus
880 1897 1077 1936 utrumque
1096 1895 1223 1925 costae
1246 1887 1390 1924 inediae
1409 1890 1644 1931 uniseriat:ie‚

123 1948 466 1991 semilanceolatae‚
507 1949 684 1991 obtusae,
729 1962 883 1985 amoene
918 1962 1130 1996 purpureae
1165 1950 1335 1991 exceptis
1378 1950 1549 1992 apicibus
1583 1951 1644 1982 ubi

122 2012 210 2040 sunt
245 2008 430 2051 hyalino·
456 2007 576 2042 albae.
642 2009 870 2044 Pedunculus
905 2010 1129 2053 receptaculi
1176 2008 1325 2042 feminei
1366 2009 1472 2042 basin
1517 2019 1645 2041 versus

121 2065 280 2099 crassior
306 2071 344 2100 et
370 2067 488 2110 magis
515 2078 670 2111 opacus,
696 2070 854 2103 obscure
882 2070 1020 2111 fuscuS,
1050 2069 1156 2112 apice
1183 2068 1332 2101 tenuior
1356 2073 1393 2100 et
1418 2068 1645 2110 pellucidus;

122 2124 214 2157 sulci
242 2130 316 2159 tres
342 2126 553 2169 pedunculo
574 2127 752 2171 insculpti
777 2133 876 2169 sunt,
903 2137 1060 2172 quorum
1080 2126 1242 2160 :anterior
1260 2131 1317 2158 est
1342 2126 1461 2166 latior,
1488 2127 1641 2168 prol'un-·

121 2180 202 2214 dior
228 2182 421 2227 magisque
446 2186 684 2228 conspicuus.
726 2187 996 2233 Receptaculum
1009 2187 1207 2231 femineum
1233 2184 1390 2219 conico-
1406 2186 1641 2228 hemisphae-

121 2240 249 2280 ricum,
276 2241 447 2275 deorsum
472 2244 649 2278 dividitur
671 2246 707 2279 in
734 2246 839 2280 lobos
863 2251 885 2280 4
904 2247 1071 2286 obtusos,
1103 2245 1165 2289 qui
1185 2242 1320 2286 singuli
1339 2242 1473 2285 singuli
1494 2243 1644 2286 perian-

121 2297 184 2331 thii
215 2299 320 2332 basin
351 2301 552 2343 obtegunt;
591 2305 808 2347 superficies
836 2305 1063 2348 receptaculi
1101 2304 1264 2347 undique
1297 2306 1354 2335 est
1385 2312 1519 2344 rugosa
1544 2300 1643 2344 rugis

120 2359 512 2402 granulato-asperis.
564 2361 818 2397 Periantlzium
845 2364 1038 2405 conicum,
1067 2370 1241 2403 acutum,
1269 2361 1375 2404 apice
1403 2362 1639 2395 mucronula-

119 2421 217 2456 tum,
245 2417 382 2456 album,
410 2418 551 2453 fissuris
576 2420 747 2463 pluribus
775 2421 991 2455 lateralibus
1017 2421 1205 2455 rimosum.
1258 2418 1411 2464 capsula
1436 2418 1643 2462 periantliio

118 2475 235 2509 multo
270 2477 481 2519 angustior,
520 2479 698 2521 globosa,
736 2480 985 2524 polyspernia.
1038 2481 1181 2514 Semina
1208 2478 1641 2520 angulato-rotundata,

118 2534 395 2575 grandiuscula.
446 2537 606 2571 Elateres
638 2538 820 2573 diametro
854 2539 1037 2573 seminum
1074 2540 1138 2572 vix
1175 2538 1288 2580 duplo
1321 2534 1514 2577 longiores.
1567 2536 1640 2570 Re-

117 2593 329 2637 ceptaculum
354 2596 583 2631 masculinum
608 2597 755 2638 sessile,
782 2598 1036 2638 discoideum,
1063 2596 1540 2635 lenticulari-convexum,
1569 2595 1636 2628 ob-

118 2661 225 2683 scure
244 2662 486 2695 purpureum,
515 2666 705 2698 rugosum,
735 2657 853 2691 antris
871 2658 1004 2701 amplis
1031 2657 1204 2690 antheras
1224 2652 1509 2687 recendentibus
1535 2654 1641 2695 apice

117 2712 332 2752 prominulis
367 2723 557 2757 asperum;
592 2716 864 2760 dissepimenta
897 2717 1136 2749 antherarum
1162 2713 1271 2747 sedes
1297 2712 1394 2744 intra
1420 2715 1637 2754 receptacu-⁵

117 2769 190 2801 lum
218 2769 470 2806 discernentia
496 2779 632 2814 erecta,
660 2776 957 2815 membranacea,
985 2775 1123 2808 albida.

212 2827 319 2862 Haec
345 2830 491 2873 speeies
511 2833 605 2866 inter
628 2844 768 2874 omnes,
796 2845 890 2878 quas
911 2835 1165 2877 cognovimus,
1188 2829 1375 2865 frondium
1396 2827 1639 2872 amplitudine

116 2890 172 2918 est
199 2886 398 2930 distincta3
435 2889 731 2926 fructificationis
767 2899 895 2927 contra
922 2897 1047 2936 partes
1074 2904 1094 2926 e
1120 2890 1282 2927 minimis
1311 2891 1408 2922 sunt.
1460 2886 1591 2920 Differ-t
1616 2896 1636 2919 a

1292 2975 1343 3004 36
