1824 3252
188 183 210 206 ις
641 176 884 210 Acrobolbus.
937 173 1225 217 Sacroscyphus.

187 294 269 326 duo.
323 292 566 325 Periantln‘mn
596 292 746 324 nullum.
798 290 964 336 C'alyptru
997 297 1080 319 cum
1108 286 1274 320 foliorum
1301 284 1581 320 involucralium
1610 288 1689 321 basi

186 350 376 385 descendit
410 354 446 383 et
481 350 558 384 abit
591 351 626 384 in
661 355 780 383 torum
813 349 1091 387 bulbiformem,
1130 349 1292 379 ovatum.
1346 344 1494 379 Pistilla
1531 346 1688 389 primum

185 412 220 444 in
247 410 351 453 apice
376 410 504 450 caulis,
532 409 626 442 inter
653 409 739 442 folia
764 407 1004 442 involucralia
1032 405 1103 439 sita
1128 409 1227 446 sunt,
1255 409 1291 439 et
1309 415 1405 449 quae
1427 406 1566 440 sterilia
1588 413 1686 446 sunt,

184 469 250 502 hoc
277 469 355 503 loco
382 472 530 510 restant,
554 487 601 492 —
628 468 745 501 fertile
771 471 893 501 autem
920 465 1095 509 pistillum
1123 475 1205 497 cum
1221 463 1389 498 foliorum
1405 466 1688 500 involucralium

184 527 332 561 basibus
357 527 535 561 concretis
563 527 672 560 altius
698 526 734 559 in
760 525 862 559 bulbi
890 528 1053 558 ventrem
1080 526 1262 567 penetrat.

277 586 528 621 Evolutioncm
571 586 668 620 ssoris
709 586 744 619 in
787 586 944 618 fructum
982 583 1304 617 observationibus
1345 588 1594 627 prosequutus
1633 590 1689 619 est

181 646 404 679 Gottschius.
443 665 488 669 —
540 645 698 678 Plantae
732 643 909 677 ramulive
944 642 1106 676 florentis
1140 642 1226 676 folia
1254 642 1397 686 apicem
1424 654 1554 677 versus
1581 644 1689 678 solito

178 714 276 736 more
316 703 568 745 magnitudine
604 706 791 743 crescunt,
840 712 985 735 sursum
1031 701 1238 736 ascendunt
1281 701 1435 736 dimidia
1474 702 1549 736 fere
1587 702 1687 746 spira

178 762 367 805 disposita,
397 763 549 808 basique
577 763 681 797 iuxta
708 763 848 796 caulem
877 762 1036 795 sinulum
1052 761 1228 795 exhibent
1243 761 1418 795 maiorem
1436 762 1492 796 vel
1510 762 1685 796 minorem

176 833 248 865 quo
285 821 400 865 magis
445 823 501 855 vel
536 823 726 866 eriguntur
768 822 823 855 vel
864 821 910 854 ad
952 821 1177 855 horizontem
1217 821 1499 865 expanduntur;
1543 821 1687 855 accedit

176 881 383 914 denticulus
422 882 596 925 marginis
630 881 839 930 rent1·alis‚-
867 881 928 925 qui
969 880 1087 923 magis
1127 884 1322 922 curvatus;
1368 891 1493 923 margo
1527 880 1685 915 dorsalis

176 941 381 982 subrectus,
410 941 550 984 apicem
579 953 705 975 versus
733 940 897 975 nonnihil
925 940 1113 984 obliquus.
1166 940 1280 974 Sinus
1306 939 1423 984 apicis
1450 940 1543 973 indit
1570 941 1685 983 magis

173 999 338 1031 minusve
365 1005 513 1040 acutum
551 1001 705 1035 laciniae
741 1000 970 1034 lanceolatae
1005 1003 1091 1033 sunt
1124 1003 1161 1034 et
1186 1003 1330 1033 acutae.
1382 999 1490 1040 Quae
1517 1001 1684 1044 proxima

173 1062 258 1090 sunt
291 1058 466 1093 involucri
501 1060 596 1095 soliis
631 1060 795 1103 margine
828 1060 927 1094 circa
963 1059 1083 1093 sinum
1118 1058 1276 1093 subinde
1312 1059 1548 1092 reflectuntur
1585 1060 1683 1094 folia.

177 1116 326 1150 Praeter
352 1117 617 1159 innovationes,
645 1131 662 1152 e
691 1119 828 1153 ventris
854 1118 975 1152 medio
1000 1118 1057 1152 vel
1073 1117 1186 1152 latere
1203 1117 1491 1162 egredientibus,
1519 1119 1687 1153 oriuntur

172 1179 209 1208 et
235 1175 328 1209 aliae
355 1176 447 1211 infra
474 1179 716 1219 involucrum,
741 1179 840 1223 quod
867 1189 954 1212 vero
981 1177 1044 1211 ubi
1073 1177 1220 1218 accidit,
1247 1178 1314 1211 flos
1333 1176 1524 1211 abortivus
1547 1178 1684 1212 evadit.

176 1234 256 1268 Hoc
284 1236 320 1269 in
348 1241 443 1270 statu
473 1238 636 1280 plantula
665 1242 791 1272 nostra
816 1237 1119 1282 szyermamziae
1133 1237 1360 1270 intermediae
1385 1235 1531 1270 cuidam
1556 1237 1684 1272 maiori

174 1295 268 1327 haud
298 1296 474 1330 absimilis
501 1303 567 1331 est.
622 1297 763 1331 l'istilla
791 1302 883 1336 toro,
910 1297 1006 1330 inter
1035 1295 1123 1329 folia
1149 1295 1390 1330 involucralia
1409 1299 1499 1331 2-3
1517 1298 1684 1341 speciosa

175 1353 256 1394 sito,
284 1354 452 1398 imposita
481 1361 576 1396 sunt,
603 1367 757 1401 quorum
788 1359 862 1390 12-
887 1360 927 1390 14
955 1355 1148 1389 numeravi
1176 1355 1327 1389 sterilia.

265 1414 307 1447 ln
344 1419 439 1448 statu
476 1416 586 1459 paulo
620 1414 839 1459 provectiori
875 1413 1107 1448 interiectum
1151 1414 1226 1448 vidi
1267 1415 1364 1449 foliis
1396 1415 1684 1452 involucralibus

171 1470 311 1513 apicem
339 1475 466 1513 caulis.
503 1476 599 1509 haud
627 1487 709 1510 eum
736 1474 884 1520 quidem
913 1474 1085 1508 deorsum
1113 1474 1330 1518 productum
1359 1478 1395 1508 ct
1422 1475 1682 1516 radiculosum.

168 1534 327 1565 attamen
355 1532 438 1567 inde
465 1535 508 1567 ad
537 1546 603 1579 par
629 1535 786 1578 primum
815 1533 985 1568 foliorum
1013 1534 1131 1568 caulis
1158 1533 1357 1577 conspicue
1383 1533 1455 1568 iam
1473 1539 1681 1570 extensum.

170 1589 267 1623 Hinc
293 1593 409 1626 caulis
436 1594 543 1636 apici,
578 1606 685 1639 quem
713 1593 970 1637 magnitudine
996 1593 1138 1627 centies
1164 1593 1274 1627 lentis
1300 1605 1370 1637 ope
1397 1598 1546 1627 auctum
1573 1594 1678 1629 iuve-

168 1647 275 1681 nilem
312 1661 392 1683 csse
429 1654 631 1697 calypti-am
669 1652 864 1697 apparuit,
898 1652 1037 1696 pistilla
1073 1652 1242 1687 abortiva
1275 1652 1506 1693 insidebant,
1548 1653 1682 1688 lobulis

171 1706 332 1751 duobus,
366 1722 432 1745 ceu
460 1712 614 1755 foliolis,
643 1713 891 1753 circumdata,
925 1712 1050 1757 qualia
1079 1712 1114 1745 in
1141 1711 1280 1746 vertice
1306 1712 1492 1756 cal-xptrae
1519 1713 1683 1747 Aneurae

166 1769 200 1797 et
230 1765 466 1804 Trichocoleae
493 1783 666 1815 generum
695 1771 916 1806 invenimus.

262 1826 304 1859 In
338 1828 412 1863 fere
439 1831 610 1874 perfectis
645 1832 805 1876 denique
833 1829 1121 1874 speciminibus,
1157 1841 1313 1874 quorum
1350 1830 1504 1873 capsula
1539 1831 1681 1865 semina

166 1888 343 1926 quaterna
370 1889 600 1925 cohaerentia
630 1896 666 1925 et
691 1893 848 1925 elateres
875 1889 1035 1933 bispiros
1062 1889 1276 1931 exhibebat,
1316 1888 1454 1932 pistilla
1481 1889 1621 1923 sterilia
1648 1897 1683 1924 et

168 1942 264 1977 sicca
304 1957 447 1992 semper
479 1950 573 1984 inter
608 1951 693 1985 folia
722 1948 967 1984 involucralia
1011 1947 1086 1982 vidi
1125 1947 1242 1982 mixta
1280 1947 1414 1981 lobulis
1450 1948 1682 1991 phylloideis,

167 2012 240 2045 quo
273 2005 475 2048 colligitur,
520 2009 745 2053 superiorem
778 2011 921 2052 partem
952 2007 1073 2048 floris,
1108 2008 1204 2042 foliis
1240 2007 1532 2044 involucralibus
1565 2010 1678 2051 inter-

167 2060 311 2105 iectam,
339 2064 374 2099 in
401 2068 556 2111 pristino
583 2073 679 2103 statu
702 2069 847 2114 situque
868 2068 1078 2113 persistere,
1107 2069 1205 2102 illam
1226 2079 1325 2110 vero,
1351 2078 1446 2112 quae
1461 2067 1557 2102 foliis
1574 2069 1682 2104 dictis

168 2120 330 2157 subiecta
360 2130 426 2167 est,
455 2130 591 2163 sacculi
620 2141 683 2164 seu
714 2130 814 2164 bulbi
842 2130 959 2163 forma
986 2128 1023 2162 in
1050 2128 1167 2162 solum
1194 2127 1417 2161 descendere
1433 2127 1682 2173 radiculisque

167 2185 374 2227 conspergi.
428 2188 670 2223 Pedunculus
707 2189 743 2224 in
771 2189 885 2223 fundo
920 2189 1030 2222 huius
1066 2187 1203 2221 bursae
1227 2186 1356 2220 eodem
1390 2186 1499 2221 modo
1523 2186 1682 2222 insertus

169 2245 342 2283 apparet,
377 2256 448 2288 quo
482 2248 714 2290 pedunculus
752 2249 934 2288 Amarae,
973 2248 1116 2282 scilicet
1148 2246 1301 2280 bulbulo
1333 2245 1495 2290 quodam
1528 2247 1681 2281 radicali

169 2307 312 2333 sursum
342 2305 501 2339 nonnihil
530 2309 739 2342 constricto.
794 2309 909 2342 Deest
934 2307 1046 2351 igitur
1064 2305 1312 2351 perianthium
1340 2316 1412 2340 non
1440 2306 1545 2340 aliter
1571 2312 1682 2352 atque

170 2363 204 2386 in
236 2357 397 2401 Ancum,
425 2366 578 2399 testibus
612 2367 748 2401 relictis
775 2366 923 2410 pistillis
949 2366 1127 2401 abortivis
1153 2366 1190 2400 in
1217 2365 1356 2400 vertice
1388 2365 1483 2401 inter
1506 2366 1594 2401 folia
1619 2367 1677 2401 in-

169 2414 318 2454 volucri,

502 2492 583 2533 lV.
647 2492 1145 2551 Sarcoscylrhus·
1205 2494 1336 2537 Cord.

265 2574 311 2608 Ν-
338 2578 378 2608 «J,
406 2579 451 2612 E.
493 2582 579 2626 Hel).
621 2584 712 2617 Eur.
751 2585 781 2619 Ι.
821 2597 857 2630 p.
887 2588 954 2619 122
988 2592 1020 2619 et
1050 2588 1126 2619 lOO.
1164 2597 1198 2619 n.
1225 2589 1260 2620 4.
1320 2585 1368 2618 11.
1399 2597 1435 2630 p.
1461 2588 1542 2619 417.
1605 2586 1677 2621 ΙΙΙ.

167 2642 200 2672 1)-
226 2634 305 2665 514.
355 2635 421 2669 IV.
452 2650 489 2682 p.
516 2639 631 2675 XXI.
668 2655 701 2676 η.
737 2647 769 2677 3.
822 2644 988 2678 Endliele.
1025 2644 1113 2679 Gen.
1141 2657 1180 2690 11.
1216 2647 1275 2679 45.
1319 2656 1353 2679 n.
1389 2647 1470 2678 473.
1502 2650 1546 2678 et.
1579 2647 1679 2678 1344.

169 2702 202 2721 γι.
229 2692 350 2736 4'c'4sl.

266 2749 515 2788 Perianthium
552 2768 632 2790 cum
668 2759 859 2795 involucro
897 2761 935 2794 in
968 2762 1156 2797 urceolum
1184 2765 1403 2801 comatum,
1435 2762 1610 2797 dentibus
1643 2763 1678 2797 in

171 2802 273 2839 fauce
309 2808 486 2848 involucri
527 2816 725 2852 latentibus
760 2819 966 2856 dehiscens,
1024 2822 1161 2857 Caules
1203 2821 1282 2855 basi
1317 2820 1418 2855 fibris
1453 2822 1679 2857 radicalibus

171 2862 486 2926 Silbssagellaribus
522 2876 700 2918 praediti,
739 2878 843 2922 apice
877 2879 1009 2922 erecti,
1043 2880 1200 2921 ramosi,
1237 2880 1334 2915 foliis
1366 2881 1678 2916 subverticalibus

171 2921 334 2959 distichis
362 2927 504 2968 bilobis.
555 2933 711 2969 Plantae
739 2936 957 2981 Europaeae
989 2943 1025 2973 et
1053 2939 1484 2975 Boreali-Americanae.
