1824 3252
200 205 263 236 ΠΟ
818 196 1101 239 Cliiloscyphus.

290 314 332 347 In
360 312 441 347 sinu
472 312 602 355 Dusky
626 312 701 355 Bay
721 310 820 344 dicto
844 309 974 343 Novae
992 308 1217 342 Zcelandiae
1243 308 1428 351 (Menzies
1455 309 1490 342 in
1513 308 1587 343 Hb.
1608 308 1718 350 Hk.);

192 374 229 406 in
258 372 398 406 Insulis
427 370 622 405 Auckland
649 370 733 413 (Dr.
766 368 917 403 Hooker
938 368 1019 412 jun.
1048 368 1084 401 in
1114 367 1190 401 Hb.
1219 368 1382 411 Taylor).

288 431 413 466 C'aules
439 434 461 464 3
480 451 494 456 -
512 433 531 464 4
559 428 767 473 pofficares,
796 427 984 471 simplices
1006 427 1062 460 vel
1080 427 1317 467 innovantes,
1336 427 1427 460 rami
1452 426 1715 461 adscendenti-

191 491 302 524 erecti
346 487 526 523 subdivisi
564 487 707 520 inferne
748 485 973 520 nudiusculi.
1038 485 1142 519 Folia
1179 486 1366 526 conferta,
1414 486 1552 530 pallide
1592 486 1715 520 fusco-

191 548 345 588 viridia,
388 545 667 580 liorizontaliter
712 546 902 590 patentia,
945 545 1051 588 apice
1088 545 1253 578 obsolete
1293 544 1509 587 bidentata,
1551 545 1717 588 margine

190 606 346 640 ventrali
375 605 570 649 insigniter
597 605 797 647 undulato,
827 605 914 638 retis
942 604 1097 638 maculis
1125 604 1288 638 minutis.
1344 604 1519 638 Involueri
1533 604 1652 650 folia,
1682 605 1717 637 in

189 667 332 700 ramulo
367 664 508 700 laterali
546 664 708 703 minora,
745 663 1123 703 laciniam-dentata,
1164 662 1383 703 imbricata,
1417 666 1534 703 4-5‚
1570 663 1713 706 amplii-

187 725 325 767 gastrio
364 729 532 759 extremo
571 723 770 767 perianthii
811 723 893 757 basi
932 723 1183 757 incumbente.
1248 722 1516 768 Ampltiyastria
1554 722 1713 755 circum-

187 784 387 827 scriptione
402 783 698 822 suborbiculata,
714 782 859 816 laciniis
878 783 1011 823 acutis,
1028 782 1278 816 exterioribus
1293 781 1469 815 recurvis.
1499 780 1646 816 Pistilla
1664 784 1716 814 16.

188 843 438 877 Pericmthium
464 847 616 876 ovatum
633 869 640 881 ‚
675 852 737 876 ore
764 846 955 876 coarctato
982 842 1159 875 laciniato
1188 841 1331 875 laciniis
1358 840 1520 874 inflexis.
1574 839 1714 873 Pedun-

185 904 281 934 cnlus
305 901 505 945 pollicaris.
561 901 715 947 Capsula
741 902 914 944 oblonga.

582 999 622 1036 β,
645 995 823 1040 foliorum
851 996 944 1030 bases
971 997 1122 1030 dorsales
1148 996 1324 1030 discretae.

467 1069 499 1099 7.
554 1065 923 1112 Olaeiloseyphus
951 1068 1217 1111 decipiens
1245 1067 1434 1101 Gottsche.

281 1137 344 1171 Ch.
381 1136 478 1171 caule
512 1137 757 1182 procumbente
784 1138 1048 1178 ramosinsculo,
1072 1137 1179 1183 soliis
1209 1138 1523 1172 ‹mato-‹leltoicleis
1554 1139 1713 1183 maryine

184 1196 331 1230 ventrali
357 1203 498 1230 arcuato
525 1197 649 1241 inflexo
684 1197 718 1230 in
745 1198 874 1242 apicem
900 1197 1055 1230 obtusum
1082 1198 1410 1242 subinteyerrimum
1435 1197 1598 1237 abeunte,
1628 1198 1709 1230 (Ior-

181 1255 247 1289 sali
272 1255 478 1290 rectiusculo
504 1257 707 1290 decurrente
735 1256 830 1290 basin
856 1268 971 1290 versus
996 1257 1138 1291 dentato
1164 1256 1268 1291 libero
1295 1256 1316 1300 (
1320 1258 1368 1291 ad
1388 1259 1407 1300 ᾗ
1419 1264 1557 1303 partem
1581 1270 1601 1291 a
1617 1258 1712 1291 caule

181 1314 334 1359 soluto),
371 1315 634 1361 ‹mzpltiyastriis
660 1316 843 1361 reniformi
859 1316 1178 1350 -transversalihus
1212 1318 1377 1362 utrinque
1412 1328 1487 1350 eum
1501 1315 1608 1360 foliis
1633 1316 1711 1349 sub-

179 1375 278 1408 iectis
303 1376 460 1409 connatis
486 1381 556 1408 toto
582 1376 742 1419 maryine
770 1375 1282 1421 involuto-cucullatis,fructu
1311 1403 1317 1409 .
1349 1402 1355 1410 .

373 1434 619 1478 Cliiloscyplius
649 1436 821 1478 decipiens
851 1435 1016 1469 Gottsehe
1044 1436 1095 1469 Ic.
1126 1436 1219 1481 Ηφ.
1247 1436 1336 1470 ined.

276 1493 436 1527 Habitat
462 1493 508 1527 ad
527 1493 658 1527 Sinum
681 1494 811 1538 Dusky
831 1496 910 1538 Bay
936 1495 1067 1529 Novae
1083 1495 1323 1530 Zeelandiae.
1379 1495 1479 1528 Inter
1505 1492 1710 1537 specimina

180 1550 243 1585 Cle.
264 1552 476 1586 Binardierz·
504 1553 580 1586 Hb.
603 1552 642 1587 L.
669 1563 689 1586 a
721 1553 900 1588 Hookero
928 1554 1041 1588 missa
1068 1554 1194 1588 inveni
1223 1554 1373 1588 unicum
1402 1554 1603 1597 specimen.

273 1611 621 1656 Ampltiqastriorum
665 1612 829 1646 conditio
872 1613 1071 1656 singularis
1110 1615 1204 1646 lianc
1245 1618 1409 1647 nostram
1450 1611 1612 1655 speciem
1658 1609 1705 1642 ab

179 1669 351 1703 omnibus
379 1671 570 1714 hucusque
599 1670 694 1705 notis
721 1672 893 1705 secernit.
945 1672 1112 1706 Laminis
1141 1671 1266 1705 vitreis
1294 1671 1477 1715 impositis
1511 1669 1705 1713 explanari

177 1735 377 1773 nequeunt,
404 1729 492 1774 quia
518 1730 591 1764 lobi
622 1730 798 1765 cucullati
826 1731 1019 1775 utriusque
1047 1731 1174 1765 lateris
1200 1731 1236 1764 in
1253 1731 1392 1765 sacculi
1421 1729 1581 1774 speciem
1600 1737 1701 1761 com-

175 1789 408 1831 primuntur;
459 1799 587 1833 margo
635 1789 726 1823 liber
775 1790 936 1825 inflexus
982 1790 1185 1834 repandus.
1251 1790 1409 1825 Areolae
1454 1788 1705 1833 prominentes

174 1849 379 1891 marginem
416 1849 594 1882 inflexum
631 1850 864 1883 crenulatum
898 1849 1071 1883 reddunt.
1123 1849 1229 1883 Folia
1263 1849 1380 1883 forma
1413 1853 1450 1882 et
1486 1847 1705 1882 sinuositate

174 1906 362 1949 quandam
390 1917 472 1939 cum
503 1907 566 1941 Cla.
598 1907 814 1942 Billarclierz'
840 1908 1120 1943 similitudinem
1147 1909 1307 1955 habent,
1344 1913 1467 1942 tamen
1497 1907 1574 1940 basi
1603 1916 1701 1939 mar—

174 1964 270 2007 ginis
297 1964 455 1999 dorsalis
481 1966 597 2000 libera
625 1971 738 2011 atque
767 1967 873 2011 apice
901 1967 1040 2002 mutico
1060 1967 1246 2001 differunt.
1288 1967 1318 2000 A
1337 1970 1476 2010 puncto
1493 1965 1705 2000 insertionis

174 2023 310 2057 dos-sali
340 2023 440 2057 basis
468 2024 544 2058 folii
572 2026 618 2058 ad
647 2030 818 2070 quartam
854 2025 1063 2060 latitudinis
1098 2031 1240 2070 partem
1276 2026 1393 2060 libera
1428 2024 1623 2060 descendit
1645 2025 1703 2060 ad

174 2081 373 2125 ang'ulum,
419 2084 481 2128 qui
518 2085 684 2127 margine
717 2085 857 2119 dorsali
893 2095 977 2119 cum
1009 2085 1093 2129 ipsa
1131 2085 1210 2119 basi
1250 2086 1372 2119 soluta
1405 2085 1570 2119 efficitur.
1630 2084 1703 2117 Hic

173 2141 280 2174 lobus
307 2142 425 2185 magis
453 2147 507 2176 est
534 2143 709 2177 dentatus
746 2148 783 2177 et
809 2145 855 2177 ad
884 2148 1065 2187 punctum
1090 2144 1305 2178 insertionis
1332 2144 1474 2187 primus
1501 2145 1592 2178 dens
1620 2144 1701 2177 sinu

172 2200 311 2234 maiore
337 2201 374 2234 in
402 2202 578 2243 angulum
606 2202 784 2245 marginis
809 2202 968 2237 dorsalis
996 2203 1085 2236 abit.

408 2299 443 2331 8.
498 2296 868 2344 chilo-scyphus
895 2297 1248 2342 asellfformz‘s
1276 2297 1322 2331 N.
1351 2298 1398 2332 ab
1426 2298 1468 2331 E.

267 2370 329 2403 Ch.
367 2371 464 2405 caule
492 2379 672 2418 prostrato
704 2372 958 2407 subdicbotomo
992 2375 1153 2419 apic-eque
1187 2376 1394 2415 innovante,
1424 2374 1531 2420 foliis
1568 2373 1702 2420 oblique

170 2428 434 2464 decurrentibus
460 2433 752 2466 erecto-curvatis
777 2432 912 2478 oblique
938 2433 1141 2468 orbiculatis
1163 2434 1254 2469 sulco
1274 2433 1520 2479 lonyitudinali
1541 2432 1701 2472 sinuosis,

169 2489 326 2532 mavyine
359 2489 513 2523 ventrali
554 2503 656 2524 curvo
689 2492 818 2526 clm-sali
852 2493 1157 2539 repando-reflexo
1182 2493 1382 2537 (interdum
1409 2493 1574 2538 dentato)
1606 2493 1704 2537 apice

171 2545 647 2592 bi-tri—dentato-eiliato,
693 2551 956 2597 ampbiyastriis
991 2551 1187 2587 imbricatis
1220 2554 1386 2598 utrinque
1418 2557 1564 2596 angusto
1598 2550 1701 2585 limbo

169 2606 328 2640 connatis
351 2606 853 2645 orbiculato·transversalibus
878 2611 1088 2654 bidentatis,
1115 2612 1318 2658 periantlzio
1342 2612 1701 2656 ovato-campanulum

168 2665 302 2699 sinuoso
335 2677 393 2699 ore
434 2673 553 2712 aperto
596 2668 779 2709 laciniato,
811 2670 916 2715 soliis
949 2670 1219 2705 involueralibus
1245 2672 1281 2704 in
1301 2670 1558 2716 perichaetium
1583 2680 1699 2702 mono-

166 2722 323 2769 pleyllum
348 2724 418 2758 alte
442 2727 613 2760 connatis.

359 2785 625 2827 Jungermannia
662 2788 878 2841 aselliformis
926 2787 1019 2833 Hep.
1051 2787 1132 2820 Jav.
1169 2788 1281 2833 suppl.
1317 2788 1354 2821 in
1389 2789 1472 2821 Act.
1507 2787 1575 2820 Ac.
1610 2786 1697 2820 Nat.

445 2880 670 2960 H..
699 2880 945 2926 Η

492 2939 543 2971 ep.
571 2939 626 2960 zne
655 2955 662 2960 .
