1824 3252
204 199 278 232 502
859 191 1082 235 Metzgcria.

205 309 430 344 furcatimve
456 306 600 342 divisae
627 308 810 346 costatae,
837 303 1064 340 fructiferae.
1112 305 1306 350 Margines
1334 310 1372 341 ct
1397 310 1525 342 costae
1553 307 1739 343 frondium

205 381 320 415 saepe
347 368 510 403 ciliatae.
564 364 775 398 Radiculae
802 365 963 398 costales
989 364 1273 409 papilliformes‚
1300 367 1499 402 suctoriae.

302 438 393 471 Vita
418 437 607 481 plerisque
633 436 670 469 in
698 435 803 470 saxis
831 436 1054 471 arborumve
1089 436 1251 479 cortice,
1287 437 1408 472 rarius
1442 440 1629 474 terrestris
1665 440 1739 475 situ

206 498 382 532 umbroso
409 500 446 531 et
472 495 638 530 humido.

303 566 531 601 Distributio
572 566 821 611 geographica
858 566 1067 611 specierum
1113 569 1133 601 7
1170 567 1262 601 haec
1296 571 1364 602 est.
1426 567 1538 602 Duae
1571 579 1618 602 ex
1654 569 1740 611 illis,

205 637 301 673 quae
328 629 357 671 §.
388 630 402 660 l
429 626 678 668 exhibentur,
706 627 780 660 late
807 637 874 671 per
900 627 1029 661 orbem
1057 631 1238 661 terrarum
1267 627 1481 671 dispersae,
1520 630 1740 672 praesertim

206 688 263 722 M.
278 687 450 732 furcata,
478 687 516 720 in
543 689 566 720 5
592 691 714 720 terrae
742 686 915 730 partibus
941 696 1128 720 crescens.
1180 686 1212 719 E
1237 686 1437 730 speciebus
1466 688 1617 733 reliquis
1643 689 1741 724 duae

205 744 418 780 Americam
448 746 729 781 meridionalem
757 749 794 780 et
822 746 972 781 Insulas
1000 745 1132 780 Indiae
1159 745 1404 781 occidentalis
1430 747 1619 790 incolunt,
1653 759 1740 790 una,

205 816 303 850 quae
330 805 387 840 M.
413 805 602 847 eriocaula,
631 805 667 840 in
698 805 806 841 Nova
834 805 1040 841 Zeelandia
1066 811 1103 840 et
1128 805 1166 839 in
1196 806 1293 840 Chili
1319 807 1416 842 lecta
1443 811 1511 842 est.

230 915 260 957 §.
292 917 321 947 l.
374 914 531 948 Frondes
557 921 646 948 totae
672 921 806 959 tenues,
832 914 1042 958 dichotomae
1069 921 1099 948 et
1115 915 1298 960 fiere-atae.
1352 915 1540 962 Calyptrae
1565 928 1587 950 a
1611 916 1719 951 latere

702 975 936 1008 adscerzdmztes
946 1001 954 1015 ‚
980 981 1086 1008 setoso
1094 995 1109 999 -
1120 974 1246 1009 hirtae.

548 1058 578 1088 l.
631 1057 928 1102 Metxyeria
940 1055 1179 1101 furcata
1207 1057 1254 1091 N.
1284 1059 1331 1092 ab
1360 1059 1402 1092 E.

303 1119 361 1154 M.
388 1119 565 1166 furt-atim
599 1118 981 1165 prastrove-divisa,
1017 1120 1181 1161 linearis,
1218 1121 1365 1165 ⁸fiabra,
1399 1123 1557 1167 maryine
1588 1130 1743 1170 costaque

203 1177 321 1212 subtus
345 1178 499 1212 setulosis
525 1179 675 1212 audisve.

397 1241 585 1282 Metzgeria
613 1241 743 1272 furcata
780 1240 828 1274 N.
857 1237 899 1272 ab
927 1238 972 1271 E.
1002 1239 1093 1284 Hep.
1122 1239 1214 1273 Eur.
1243 1239 1317 1272 111.
1340 1252 1380 1285 p.
1408 1243 1492 1275 485.
1529 1253 1563 1274 n.
1601 1244 1629 1275 l.
1672 1242 1742 1276 IV.

478 1312 516 1345 p.
544 1299 696 1333 LXIII.
752 1299 883 1345 Taylor
910 1300 1004 1345 Hep.
1031 1306 1183 1332 antarcl.
1211 1299 1245 1331 in
1263 1299 1519 1334 L0nd.Jom·n.
1546 1300 1741 1347 quotlmy.

491 1361 592 1392 1844.
626 1370 664 1404 p.
698 1361 782 1393 400.
823 1371 858 1393 n.
894 1362 974 1399 70„
1008 1371 1046 1405 p.
1074 1361 1156 1392 480.
1197 1370 1232 1392 n.
1269 1361 1328 1393 62.
1366 1366 1398 1392 et
1434 1372 1469 1405 p.
1497 1362 1580 1394 572.
1620 1372 1655 1393 η.
1683 1363 1742 1394 46.

487 1417 724 1463 Hoolz.jum·.
763 1417 886 1464 Crypt.
921 1417 986 1452 bot.
1022 1419 1067 1464 qf
1094 1419 1150 1452 tlte
1174 1425 1326 1453 amaret.
1360 1433 1434 1467 voy.
1460 1433 1500 1467 p.
1528 1423 1586 1455 55.
1621 1434 1655 1455 n.
1683 1424 1743 1456 81.

487 1477 684 1522 Monta-qne
716 1478 848 1524 Voyaye
873 1491 920 1513 au
947 1480 1036 1513 Pale
1065 1479 1151 1515 Suel.
1184 1481 1214 1514 1.
1235 1493 1275 1526 p.
1303 1484 1387 1515 213.

261 1558 297 1588 α,
322 1554 475 1589 extensa,
509 1550 642 1589 maior,
677 1562 778 1593 parce
807 1552 971 1583 snrcatim
998 1551 1104 1584 divisa
1130 1553 1263 1585 laciniis
1292 1554 1470 1595 elongatiS‚
1497 1553 1630 1585 inferne
1657 1553 1743 1585 sub-

325 1608 470 1651 simplex
497 1618 554 1641 aut
581 1611 773 1643 alternatim
802 1622 950 1642 ramosa.

491 1668 540 1701 N.
568 1667 610 1701 ub
638 1668 694 1716 E.v
715 1668 736 1701 Ι.
763 1681 791 1703 c.
821 1668 893 1702 ΙΙΙ.
916 1682 953 1715 p.
981 1671 1065 1703 485.
1118 1670 1236 1704 Mont.
1264 1670 1302 1703 in
1327 1669 1525 1717 d'Orbz'yny
1555 1671 1638 1716 Voy.
1661 1672 1747 1705 dans

543 1726 695 1761 l'Amer.
723 1728 848 1762 mbr-id.
878 1728 962 1762 Boc.
984 1741 1023 1774 p.
1050 1731 1109 1762 60.

485 1787 757 1829 Jungermannia
783 1790 921 1820 linearis
947 1788 1090 1822 Swartz
1117 1788 1250 1822 Prodr.
1272 1788 1375 1823 Flor.
1400 1788 1483 1824 Iud.
1511 1802 1577 1824 occ.
1597 1802 1638 1836 p.
1664 1792 1744 1824 145.

544 1845 645 1879 Flor.
678 1847 757 1880 Iud.
783 1860 848 1881 oce.
878 1847 1013 1893 111.p.
1045 1851 1148 1882 1878.

486 1905 758 1947 Jungermannia
788 1908 917 1938 furcata
944 1905 967 1943 β
994 1908 1132 1938 linearis
1161 1907 1265 1940 N.11b
1284 1907 1332 1940 E.
1358 1907 1396 1940 in
1422 1907 1539 1941 Mart.
1556 1907 1617 1941 Fl.
1635 1907 1744 1942 Bras.

547 1963 578 1995 Ι.
610 1966 640 1996 l.
663 1976 700 2008 p.
729 1967 813 1998 325.
842 1963 1051 2009 (specimina
1079 1965 1314 2010 Baltiensia.)

266 2032 302 2071 β,
330 2033 528 2073 communis,
556 2034 716 2065 surcatim
744 2033 1048 2067 subalternatimve
1077 2035 1204 2074 divisa,
1242 2037 1376 2067 laciniis
1404 2036 1563 2068 brevibus
1592 2035 1746 2074 obtusis-

325 2092 434 2122 simis.
459 2110 506 2115 —
533 2092 582 2126 N.
609 2091 652 2125 αἶ)
680 2092 727 2125 Ε.
756 2091 779 2126 ἶ.
801 2104 830 2126 ι’.

488 2152 783 2184 Echinomitrium
811 2153 981 2184 sut-catum
1008 2165 1077 2184 var.
1105 2153 1139 2184 b.
1167 2152 1284 2187 Corda
1309 2155 1348 2186 in
1374 2153 1510 2188 Sturm.
1538 2153 1599 2188 Fl.
1625 2154 1745 2188 Germ.

544 2209 597 2242 ΙΙ.
623 2212 671 2243 22
697 2216 730 2243 et
755 2213 815 2244 23.
835 2223 875 2256 p.
903 2213 963 2245 78.
990 2209 1076 2254 (nec
1102 2211 1198 2245 Ieon.
1226 2219 1250 2246 t.
1277 2214 1365 2258 2¹.)

485 2271 759 2313 Jnngermaunia
799 2271 930 2302 furcata
977 2270 1086 2306 Linn.
1127 2272 1190 2317 Sp.
1226 2271 1277 2318 pl.
1318 2272 1371 2306 II.
1403 2285 1444 2318 p.
1483 2274 1588 2307 1002.
1625 2284 1661 2307 n.
1686 2275 1747 2307 27.

546 2327 717 2362 Lindeub.
755 2329 850 2375 Hep.
886 2329 980 2364 Eur.
1008 2342 1049 2375 p.
1076 2333 1136 2364 94.
1170 2343 1205 2364 η.
1232 2333 1292 2365 96.
1342 2331 1404 2365 Fl.
1439 2331 1539 2366 Dan.
1578 2338 1603 2366 t.
1641 2334 1745 2366 1832·

545 2386 655 2431 Enyl.
684 2386 769 2422 Boc.
799 2394 822 2421 t.
846 2390 950 2423 1632.
1002 2389 1118 2423 Hook.
1147 2389 1247 2424 Brit.
1272 2390 1459 2436 Junqerm.
1494 2397 1520 2425 t.
1553 2393 1602 2425 55
1627 2395 1660 2424 et
1684 2393 1746 2425 56.

543 2445 660 2479 Hook.
688 2446 790 2481 Brit.
817 2446 921 2480 Flor.
948 2447 996 2481 V.
1025 2451 1056 2483 1.
1077 2461 1118 2494 p.
1148 2453 1228 2486 127.
1254 2462 1289 2484 n.
1317 2453 1376 2485 79.
1427 2449 1638 2483 Schweinitz
1649 2449 1745 2495 Hep.

545 2504 631 2538 Am.
656 2512 740 2551 sept.
761 2518 801 2551 p.
829 2509 888 2540 20.
914 2518 950 2540 π.
974 2509 1034 2542 55.

304 2565 326 2605 β
344 2571 371 2605 l,
399 2564 524 2605 maior,
551 2565 693 2596 uncialis
721 2574 752 2597 et
778 2568 901 2607 maior,
928 2567 1194 2611 subfastigiatim
1221 2569 1445 2611 aequiterque
1471 2566 1613 2599 furcata.

274 2612 288 2621 “
490 2623 539 2657 Ν.
565 2622 609 2657 ab
637 2623 684 2657 E.
714 2624 808 2670 Hep.
836 2625 929 2659 Eur.
957 2625 979 2659 l.
1006 2638 1035 2660 c.
1056 2638 1096 2672 p.
1123 2630 1207 2661 487.
1257 2626 1380 2670 Mouy.
1408 2632 1441 2659 et
1467 2624 1580 2660 Nestl.
1612 2624 1668 2659 St.
1693 2637 1744 2660 cr.

554 2682 781 2727 V09.-Rlae⁷t.
816 2684 930 2731 ILp.
959 2688 1040 2720 148.

488 2743 711 2787 Echinogyna
739 2744 868 2776 furcata
894 2745 917 2784 β
945 2747 1101 2788 elongata
1127 2743 1295 2778 Dumort.
1313 2743 1404 2791 Syll.
1427 2743 1609 2790 Junyerm.
1633 2755 1669 2790 p.
1684 2745 1744 2778 84.

545 2800 654 2845 (excl.
679 2813 754 2847 syn.
787 2801 908 2848 Web.)

489 2862 759 2904 Jungermannia
784 2863 917 2905 {urcata
943 2865 966 2903 β
992 2864 1148 2906 elongata
1176 2861 1290 2897 Hook.
1306 2862 1409 2899 Brit.
1427 2862 1612 2909 Junqerm.
1639 2867 1663 2895 t.
1683 2862 1747 2896 56..

532 2919 575 2965 f.
599 2924 634 2955 2.
687 2920 793 2957 Brit.
820 2920 881 2956 Fl.
908 2921 957 2957 V.
987 2924 1018 2957 l.
1039 2934 1079 2968 p.
1109 2923 1190 2957 127.
