1824 3252
170 203 244 238 696
815 194 1068 240 Lophocolea.

269 313 413 351 Similis
449 311 562 358 Loph.
596 308 808 355 humifusae,
843 309 911 344 sed
946 309 1119 344 foiiorum
1155 308 1432 353 emarginatura
1467 311 1586 347 multo
1620 322 1709 356 pro-

171 374 334 415 fundior,
362 375 558 417 segmenta
584 369 770 413 longiora,
799 369 911 404 bases
939 369 1059 413 magis
1087 369 1329 404 decurrentes
1355 375 1393 405 et
1419 371 1710 416 amphigastrio-

171 445 255 470 rum
281 436 476 477 segmenta
501 429 636 465 latiora
661 433 762 464 sunt.

170 532 208 566 p.
238 523 320 554 165.
419 519 467 552 28
480 516 517 550 h.
555 515 894 559 Lophocolea
921 513 1184 549 aberrans
1209 514 1330 558 Ldbg.
1359 518 1396 549 et
1423 515 1617 551 Gottsche.

269 579 316 614 L.
356 576 455 612 caule
495 576 682 622 caespitoso
720 586 876 616 ramoso,
925 576 1038 609 ramis
1080 574 1394 621 semipollicaribns
1426 574 1715 623 subsimplicibus,

162 641 267 688 foliis
292 638 487 674 imbricatis
511 635 850 671 subltorizontalibus
883 636 1199 681 ovato-quadratis
1233 649 1301 670 non
1334 635 1592 671 decurrentibus
1623 637 1718 684 apice

171 700 334 746 repandis
367 698 420 732 vel
454 698 628 732 truncatis
662 695 725 740 (in
758 695 898 730 novellis
934 697 1148 731 tenuioribus
1183 696 1416 742 bidentatis)‚
1452 697 1718 743 ampln'yastriis

170 759 383 795 distantibus
414 765 548 793 erecto·
554 756 694 804 patulis
732 757 1096 802 cuneata-quadratis
1130 756 1245 803 bifidis
1270 758 1429 802 maryine
1462 763 1601 790 externo
1635 758 1716 792 uni·

171 821 320 855 dentatis
346 820 426 854 hinc
452 819 533 853 inde
562 818 741 861 connatis,
778 818 912 863 fructu
949 817 1125 852 terminali
1157 817 1210 851 vel
1241 818 1290 851 acl
1319 818 1464 864 speciem
1498 818 1719 853 innovatione

169 882 429 927 superveniente
461 878 602 913 laterali
637 885 670 913 et
704 880 742 912 in
767 878 998 919 (ΙὶοΙιοεοηιία,
1036 878 1238 924 pet-ianthio
1265 878 1718 926 triquetro-campanulato

170 939 310 985 anyulis
344 941 382 974 in
415 939 511 974 alam
545 940 680 986 saepius
714 932 961 984 uni—Yrarc'us
987 939 1088 985 t1·i-)
1114 940 1292 973 dentatam
1310 939 1596 986 prominentibus
1630 939 1717 974 laci-

172 1001 268 1035 niato
279 1021 294 1026 -
306 1001 461 1036 dentato.

366 1059 537 1094 Liebman
565 1059 644 1094 Iter
671 1059 849 1094 Bleaeican.
877 1060 998 1093 incdit.

269 1120 432 1156 Habitat
458 1121 559 1166 apud
588 1120 758 1155 Mirador
784 1120 822 1154 in
849 1124 950 1154 terra
974 1119 1177 1164 (Liebman
1205 1120 1242 1154 in
1270 1120 1347 1154 Hb.
1375 1131 1499 1165 propr.
1527 1125 1564 1155 et
1590 1121 1667 1167 G.).

270 1179 477 1215 Proximac
504 1181 592 1215 huic
619 1185 706 1215 sunt
730 1179 1095 1227 Loplz.l1ete1·0pleylla
1122 1184 1160 1214 et
1184 1180 1378 1227 aequifolia
1417 1184 1455 1215 at
1482 1181 1529 1216 ab
1560 1186 1719 1228 utraque

170 1240 375 1284 perianthii
402 1242 462 1276 ala
489 1252 608 1286 aeque
637 1251 681 1275 ac
707 1240 891 1275 involucri
921 1240 1217 1275 conformatione
1245 1240 1400 1283 recedit,
1428 1252 1450 1275 a
1470 1241 1514 1276 L.
1529 1242 1720 1289 aequifolia

171 1312 321 1346 quoque
348 1301 447 1336 soliis
475 1301 737 1341 brevioribus;
766 1311 788 1334 a
814 1300 924 1346 Loph.
948 1300 1237 1347 heterophylloicle
1264 1305 1410 1336 statura
1436 1301 1570 1337 minori
1600 1313 1719 1348 aeque

173 1371 218 1395 ac
245 1361 431 1396 involucri
460 1362 578 1396 forma
606 1361 730 1395 differt
758 1365 795 1394 et
821 1371 905 1394 cum
934 1360 1143 1395 minoribus
1170 1362 1281 1396 huius
1308 1361 1448 1406 speciei
1477 1361 1604 1397 formis
1632 1366 1717 1397 tan-

172 1423 251 1455 tum
289 1422 499 1466 comparari
535 1421 656 1465 possit
690 1432 722 1456 e.
759 1432 794 1465 g.
830 1431 915 1454 cum
952 1420 1070 1455 forma
1099 1421 1285 1465 Capensi,
1324 1433 1422 1467 quae
1458 1425 1584 1456 tamen
1619 1421 1718 1457 foliis

171 1481 406 1526 longioribus
433 1481 763 1516 omli-truncatis
790 1481 943 1525 gaudet.

171 1573 210 1607 p.
239 1565 320 1597 165.
523 1566 583 1598 29.
637 1563 973 1609 Lophocolca
994 1565 1365 1608 planiuscula.

173 1623 283 1658 Adde
312 1623 478 1668 Synon.:
507 1624 652 1658 Hoolccr
681 1624 805 1670 Crypt.
834 1631 985 1659 antarct.
1008 1638 1047 1671 p.
1074 1627 1133 1659 44.
1160 1637 1195 1659 n.
1221 1628 1280 1659 37.
1309 1631 1335 1660 t.
1361 1624 1476 1670 65.f.
1505 1627 1541 1663 2.

172 1717 211 1750 p.
241 1708 322 1740 166.
485 1710 533 1742 29
562 1708 596 1742 b.
647 1708 981 1752 Lophocolea
1006 1709 1219 1743 textilis
1253 1708 1402 1752 Taylor.

270 1766 314 1800 L.
343 1766 440 1801 caule
464 1766 611 1814 ‘implexo
630 1767 876 1814 procumbente
901 1780 983 1812 voye
1009 1775 1111 1814 atque
1130 1780 1237 1814 parce
1261 1779 1407 1810 ramoso,
1431 1766 1539 1813 foliis
1563 1766 1720 1802 distichis

172 1825 400 1872 complanatis
434 1828 688 1874 adproximatis
721 1827 1057 1874 erecto-patentibus
1100 1827 1170 1862 late
1208 1828 1404 1862 semiovatz‘s
1437 1828 1533 1874 apice
1562 1827 1718 1862 sinuato-

175 1885 354 1933 bispinosis
386 1888 623 1934 numm-rinus
655 1888 794 1934 planis,
830 1887 962 1922 cellulis
996 1887 1200 1929 maioribus,
1232 1887 1498 1934 amplzz‘qastriis
1529 1888 1640 1923 ovatis
1666 1887 1719 1923 bi-

168 1947 331 1991 partitis.

368 2009 641 2051 Jungermauuia
671 2010 795 2042 textilis
832 2007 966 2054 Taylor
999 2008 1093 2053 Hep.
1128 2014 1280 2042 antarct.
1314 2008 1352 2041 in
1387 2007 1502 2042 Lond.
1527 2006 1658 2045 Journ.
1681 2006 1727 2050 of

456 2065 523 2101 bot.
556 2070 658 2102 1844.
680 2081 720 2114 p.
747 2070 830 2102 468.
856 2079 890 2101 n.
917 2071 977 2102 33.

271 2126 434 2160 Habitat
460 2126 499 2160 in
527 2126 666 2162 Insulis
693 2126 950 2161 Falklandicis
976 2126 1150 2171 (Hooker
1170 2126 1285 2172 jum).

273 2185 448 2232 Caespites
483 2187 616 2231 ampli,
656 2187 905 2231 pallidissime
947 2186 1240 2221 ssavo-virides.
1299 2185 1426 2221 Cautes
1465 2184 1718 2230 bipollicares,

173 2246 211 2280 in
238 2249 396 2280 stratum
424 2248 624 2291 compacti.
676 2248 784 2282 Folia
818 2247 1101 2282 horizontaliter
1135 2248 1368 2292 explanata,
1403 2247 1490 2281 laxe
1524 2246 1718 2290 cellulosa,

173 2305 344 2349 margine
379 2307 557 2341 anteriori
593 2312 771 2350 arcuato,
809 2307 1006 2352 posteriori
1045 2312 1147 2342 recto
1183 2318 1269 2342 cum
1296 2307 1405 2342 caule
1441 2310 1552 2342 acuto
1580 2307 1720 2350 angulo

174 2365 348 2400 coeunte.
399 2367 670 2413 Amphiyastria
690 2368 891 2402 latitudine
909 2368 1042 2409 caulis,
1058 2367 1251 2412 bipartita,
1279 2370 1475 2411 segmenta
1490 2367 1718 2401 acuminata.

173 2424 436 2472 12fi01·escentia
478 2428 673 2462 masculina
718 2428 880 2463 subinde
914 2428 951 2463 in
986 2427 1106 2462 caulis
1145 2427 1272 2463 medio
1309 2427 1455 2472 prodit,
1494 2427 1717 2472 plerumque

174 2489 300 2521 tamen
337 2498 470 2522 versus
505 2488 586 2523 eius
621 2489 788 2533 apicem:
811 2489 910 2536 folia
940 2487 1179 2536 periqonialia
1213 2491 1316 2523 arcte
1350 2487 1544 2532 adpressa,
1578 2490 1717 2530 erecta,

175 2546 258 2580 basi
285 2550 466 2582 tumente.

274 2606 408 2642 Refert
431 2609 526 2642 haec
553 2613 719 2643 nostram
747 2607 998 2655 Lophocoleam
1021 2607 1279 2655 planiusculam
1313 2606 1415 2653 quod
1451 2606 1500 2641 ad
1526 2609 1716 2642 texturam

175 2665 303 2700 laxam
339 2667 512 2703 foliorum
552 2668 709 2710 attinet,
747 2669 814 2703 sed
851 2668 975 2704 differt
1013 2673 1161 2703 statura
1197 2668 1314 2702 multo
1354 2666 1572 2710 humiliore,
1618 2666 1717 2702 foliis

177 2727 459 2770 angustioribus
510 2728 728 2764 semiovatis
779 2733 818 2764 et
870 2727 1017 2763 laciniis
1069 2726 1330 2773 amphigastrii
1379 2725 1715 2770 subintegerrimis.

176 2784 331 2829 (Taylor
359 2786 382 2821 1.
409 2787 461 2832 c.)

176 2867 214 2900 p.
245 2859 326 2892 166.
377 2861 424 2893 29
441 2860 820 2904 &zephae-olea
846 2859 1294 2905 subernun-finam
1321 2857 1446 2893 Hook.
1459 2858 1541 2903 jun.
1558 2860 1596 2893 et
1608 2857 1715 2901 Tayl.

273 2917 319 2953 L.
347 2919 445 2954 caule
468 2919 686 2967 subsimplz’ei
709 2927 848 2967 repente
872 2932 956 2966 vaye
980 2931 1129 2962 ramoso,
1143 2918 1252 2965 foliis
1276 2917 1472 2953 imbricatis
1489 2916 1718 2964 complanatis

171 2977 374 3022 patentibus
396 2979 548 3026 oblonyis
573 2981 934 3027 retuso-emaryz‘natis
957 2980 1197 3026 inteyerrimis
1219 2979 1378 3025 marqine
1401 2977 1554 3014 ventrali
1565 2975 1715 3023 ymmo,
