1824 3252
189 198 238 228 Qo
840 187 1052 222 Gottschea.

428 310 477 341 13.
532 302 805 340 aottschea
833 296 1243 336 Lehmanmana
1279 294 1323 327 N.
1353 294 1399 329 ab
1426 295 1470 330 E.

286 380 330 413 G.
367 377 472 411 ramis
504 372 785 409 adscendentibus
818 370 983 409 ramosis,
1006 367 1181 411 soliorum
1214 364 1286 398 lobo
1317 364 1466 399 ventrali
1489 365 1701 400 ovato-lan‘

188 436 314 470 ceolato
337 434 525 480 subfalcato
550 431 745 475 dorsalique
758 429 935 474 foliiyeno
960 425 1131 470 conformi
1150 423 1415 469 subaequilonyo
1437 425 1533 470 apice
1555 425 1703 459 discreto

187 495 347 534 serratis,
382 492 533 526 cristulis
566 490 685 535 parvis
723 489 770 521 acl
803 484 1020 520 lamellarum
1051 484 1165 516 instar
1190 483 1398 528 conspersis,
1441 483 1703 529 ampbiyastriis

187 554 295 587 ovatis
320 553 353 585 bi
363 549 594 596 -quuclrifidis
627 547 763 580 laciniis
798 545 894 590 apice
928 542 1058 576 ciliatis
1080 540 1219 587 foliolis
1253 540 1450 575 lanceolacis
1469 541 1699 587 pinnatifido-

185 611 313 646 eiliatis
345 611 391 643 ad
424 608 519 642 basin
544 605 703 650 stipatis,
726 603 856 648 fluctu
883 600 1080 641 terminali,
1115 598 1283 633 involucri
1298 599 1404 644 foliis
1428 601 1584 634 connatis
1609 602 1704 646 apice

183 667 461 713 subpinnatifidis
485 665 595 698 acutis
620 662 777 706 maryine
800 658 1094 695 serrato-eiliatis.

371 736 636 779 Jungermannia
656 733 912 764 Lehmanniana
937 728 1108 763 Lindenb.
1131 728 1168 761 iu
1183 727 1304 761 Lehm.
1328 729 1420 772 Puy.
1433 727 1484 773 pl.
1505 727 1573 762 IV.
1593 740 1630 773 p.
1642 730 1701 762 60.

458 792 619 827 Gottsclze
646 791 697 826 Ic.
726 790 819 834 Hep.
852 789 975 822 inedit.

371 853 554 887 Gouschea
596 851 854 883 Hombroniana
880 846 997 881 Mont.
1032 847 1071 880 in
1106 845 1240 880 Annal.
1288 847 1330 879 de
1362 857 1407 880 sc.
1444 853 1561 880 natur.
1596 846 1705 880 Avril

458 913 559 944 1843.
581 922 618 954 p.
645 911 728 942 243.
755 919 789 940 n.
820 909 875 940 1-2.
927 907 1048 939 Planta.
1070 907 1232 937 mascula.

371 970 574 1012 Plagiochila
608 966 762 1011 (aligera)
804 966 1059 998 Hombroniana
1099 963 1217 997 Mont.
1257 962 1341 996 Bot.
1383 961 1505 1009 crypt.
1543 964 1581 997 in
1618 964 1699 998 itin.

454 1026 634 1061 Astrolab‚
661 1037 737 1058 nav.
763 1025 810 1058 acl
827 1022 899 1069 pol.
927 1021 1073 1057 austral.
1101 1028 1133 1055 et
1160 1022 1197 1055 in
1225 1021 1352 1056 Ocean.
1381 1028 1407 1057 t.
1437 1022 1544 1068 16.f.
1575 1025 1604 1056 l.

277 1098 319 1131 In
345 1102 441 1131 terra
470 1107 541 1131 van
569 1096 726 1131 Diemen
769 1095 862 1138 (Hb.
890 1094 933 1128 L.
961 1097 998 1127 et
1026 1094 1136 1137 Lg.);
1176 1093 1212 1126 in
1242 1092 1351 1127 Nova
1377 1092 1580 1127 Zeelandia
1606 1092 1698 1136 (Hb.

180 1157 321 1191 Funck.
348 1161 385 1190 et
413 1156 459 1190 N.
486 1166 535 1190 ex
563 1155 638 1189 Hb.
669 1154 804 1199 Bks.);
841 1153 888 1187 ad
924 1152 1097 1197 scopulos
1134 1161 1233 1195 aqua
1259 1150 1403 1186 marina
1429 1150 1605 1185 irroratos
1636 1150 1695 1184 in-

182 1216 346 1250 sularum
372 1214 569 1250 Auckland
597 1213 808 1258 (Hombron
835 1212 873 1246 in
900 1212 977 1246 Hb.
1006 1212 1060 1245 M.
1091 1210 1138 1245 N.
1166 1214 1204 1244 et
1231 1210 1311 1254 G.).

275 1285 319 1319 In
347 1284 484 1319 *axillis
518 1283 687 1319 foliorum
714 1293 941 1317 summorum
966 1282 1132 1317 antherae
1158 1283 1317 1326 multae,
1353 1287 1394 1317 ut
1429 1282 1468 1317 in
1496 1282 1541 1317 G.
1570 1283 1697 1318 Berte-

177 1354 285 1377 roana
310 1343 558 1378 inveniuntur.

273 1401 306 1435 A
332 1402 516 1446 plerisque
542 1400 651 1435 huius
678 1401 822 1444 generis
849 1401 972 1436 difl'ert
997 1402 1082 1436 lobo
1109 1401 1246 1436 dorsali
1270 1401 1426 1445 longiori
1441 1404 1560 1436 tractu
1587 1412 1698 1446 super

177 1460 325 1494 dorsum
349 1461 423 1495 lobi
438 1460 614 1494 ventralis
629 1465 849 1494 excurrente
866 1461 1046 1506 apiceque
1066 1465 1176 1495 acuto
1190 1459 1417 1500 dehiscente,
1432 1471 1506 1505 quo
1522 1460 1698 1495 transitus

173 1518 224 1552 ad
249 1523 464 1563 sequentem
490 1519 689 1554 sectionem
717 1520 1009 1560 demonstratum
1043 1523 1120 1553 tum
1148 1519 1223 1553 fere
1257 1523 1294 1553 et
1319 1518 1453 1553 foliolis
1479 1518 1695 1553 accessoriis

176 1586 241 1610 seu
275 1577 413 1620 paleis,
447 1576 795 1621 amphigastriorum
831 1578 938 1611 basin
975 1577 1222 1621 stipantibus,
1271 1588 1368 1622 quae
1400 1577 1553 1622 quidem
1584 1581 1622 1612 et
1655 1577 1694 1611 in

174 1635 258 1669 aliis
290 1635 398 1670 huius
438 1636 603 1680 generis,
640 1648 674 1670 v.
709 1647 740 1669 c.
780 1636 964 1670 Gottscleea
999 1636 1138 1670 Blumii
1171 1640 1207 1670 et
1240 1635 1393 1681 αἶὶῃενα,
1436 1636 1590 1680 obviae,
1629 1637 1694 1672 sed

172 1694 290 1738 magis
316 1695 506 1739 dispersae
532 1699 617 1729 sunt
643 1699 754 1739 atque
781 1695 952 1730 minores:

466 1802 522 1834 14.
569 1798 853 1835 'Gottsehea
891 1801 1174 1834 lamellata
1211 1799 1258 1833 N.
1285 1800 1334 1834 ab
1362 1801 1404 1834 E.

271 1871 316 1904 G.
332 1871 439 1904 ramis
452 1870 735 1904 adscendentibus
749 1870 880 1912 divisis,
891 1869 997 1914 foliis
1006 1869 1218 1914 complicatis
1232 1871 1279 1904 ad
1289 1871 1441 1904 medium
1449 1882 1555 1915 usque
1565 1871 1692 1917 bifidis,

177 1926 260 1961 lobis
283 1927 482 1972 aequalibus
513 1928 621 1962 ovatis
646 1934 742 1962 extus
761 1927 1141 1973 parallelo-lamellatis
1171 1929 1267 1974 apice
1284 1929 1509 1976 pinnatifidis
1533 1930 1694 1965 laeinulis

173 1986 351 2030 cristisque
394 1986 562 2028 dentatis,
608 1986 869 2032 ampbiyastriis
912 1986 1154 2032 subquadratis
1192 1988 1369 2033 profunde
1406 1988 1521 2035 bifidis
1557 1988 1693 2023 laciniis

171 2043 538 2088 spinuloso-dentatis,
555 2045 685 2091 fructu
713 2071 721 2080 .
750 2072 757 2078 .
787 2071 795 2080 .
827 2070 836 2087 ,
861 2044 958 2079 caule
982 2046 1397 2092 ranzentaeeo-foliolow.
1620 2049 1622 2052 ’

363 2116 630 2158 Juugermannia
657 2117 826 2148 lamellata
863 2115 978 2149 Hoolae.
1006 2116 1121 2151 Musc.
1148 2124 1236 2152 exot.
1271 2124 1296 2151 t.
1331 2121 1389 2153 49.
1424 2117 1508 2164 Spr.
1533 2116 1574 2152 S.
1607 2117 1689 2162 Vey.
1750 2123 1755 2128 '

445 2174 514 2210 lv.
545 2177 575 2209 1.
596 2187 636 2220 p.
662 2178 747 2209 220.
776 2185 811 2208 n.
837 2177 899 2208 39.

264 2230 378 2265 Terra
406 2232 579 2266 statuum
606 2244 722 2278 prope
750 2232 1001 2276 Patagoniam
1025 2232 1213 2278 (Menzies
1238 2233 1276 2268 in
1303 2235 1380 2269 Hb.
1407 2235 1517 2280 Hk.).

266 2288 404 2324 Planta
445 2291 631 2334 digitalis,
673 2292 864 2336 speciosa,
905 2296 1049 2327 statura
1089 2293 1293 2328 Gottselzeae
1331 2294 1615 2341 appendic-ulutate
1651 2300 1689 2330 et

171 2345 322 2381 Blumii.
373 2349 549 2385 Lamellae
574 2363 640 2396 per
666 2351 754 2386 solia
780 2351 1098 2394 longitudinaliter
1132 2364 1154 2387 a
1180 2353 1259 2388 basi
1289 2354 1335 2388 ad
1370 2354 1515 2399 apicem
1547 2355 1682 2389 decur-

171 2410 293 2440 rentes
319 2407 355 2441 in
383 2409 527 2452 singulo
554 2411 640 2445 lobo
666 2415 689 2445 4
716 2432 731 2438 -
762 2415 796 2454 5,
825 2413 958 2447 obtuse
984 2412 1173 2456 dentatae,
1199 2414 1237 2449 in
1261 2415 1402 2460 pagina
1428 2424 1559 2449 aversa
1586 2412 1627 2457 (i.
1653 2423 1684 2446 e.

172 2464 362 2510 anteriori)
387 2467 495 2502 strias
522 2470 752 2508 exhibentes,

427 2563 482 2595 15.
532 2563 810 2601 Gottsehea
844 2568 1187 2611 yla-uceseens
1222 2567 1272 2602 N.
1299 2567 1347 2601 ab
1374 2567 1417 2602 E.

264 2614 309 2650 G.
336 2619 444 2652 ramis
468 2621 748 2658 adscendentibus
774 2625 914 2666 divisis,
941 2625 1047 2671 Jbliis
1079 2626 1291 2673 complicatis
1317 2625 1501 2661 lamellatis
1521 2628 1679 2661 cristato-

163 2671 292 2708 ciliatis
316 2681 348 2709 et
368 2677 626 2721 pubescentibus
650 2684 697 2716 ad
719 2684 868 2717 medium
900 2696 1005 2730 usque
1030 2685 1142 2731 bifidis
1175 2685 1259 2719 lobis
1283 2685 1408 2720 obtusis
1432 2685 1681 2731 inaequalibus,

161 2732 310 2766 ventrali
335 2734 495 2781 oblonyo,
531 2739 659 2773 clorsali
684 2749 781 2775 ovato
806 2744 828 2784 ὲ
855 2743 1024 2786 breviori,
1059 2745 1320 2791 ampbiyastriis
1344 2744 1565 2779 subrotundis
1589 2756 1678 2790 qua·

160 2789 297 2834 driftdis
337 2794 625 2832 ciliato-serratis
656 2800 933 2844 pubescentibus,
966 2803 1063 2838 caule
1103 2810 1318 2838 ramentaeeo
1330 2802 1522 2849 -folioloso,
1547 2804 1679 2849 fmetu

162 2850 354 2911 terminali,
388 2853 466 2887 tubo
480 2855 677 2902 fiuctif'ero
691 2859 788 2903 folia
814 2861 1040 2896 involueralia
1066 2862 1225 2908 elonyata
1250 2863 1407 2907 maryine
1432 2862 1559 2908 reflexa
1584 2868 1679 2897 arcte

158 2905 274 2942 czliata
287 2909 431 2954 ferente
454 2913 841 2963 &Ioum-cylindrus),
868 2933 925 2955 ore
949 2921 1083 2967 oblique
1110 2928 1271 2957 truncato
1296 2920 1521 2957 denticulato.
