1824 3252
706 128 1015 173 Mastigobryum.
1549 137 1625 169 719

100 242 472 290 repando-erenulatis
502 242 550 276 ad
579 243 710 288 apicem
741 243 899 289 apic-eque
924 245 998 289 ipso
1024 243 1254 290 inaequaliter
1283 246 1432 280 dentatis
1463 247 1620 281 dentibus

102 304 275 337 interdum
302 301 675 347 diveryenti-rfiexis‚
691 302 823 347 fructu
849 328 857 336 .
886 327 895 337 .
923 328 932 337 .

292 361 459 395 Liebman
486 360 563 395 Iter
589 360 769 396 Mexican.
795 362 912 397 inedit.

291 420 508 465 Linclenbery
533 427 567 454 et
594 420 756 455 Gottsclze
780 420 915 467 Species
940 421 1103 466 Hepatie.
1129 422 1251 456 incdit.

196 481 253 515 Ad
284 481 463 524 Boayaga
492 481 692 523 Donaguia
716 481 807 524 legit
831 481 900 514 cel.
928 481 1122 515 Liebman.

196 540 475 584 Amphigastria
502 546 543 574 ut
568 540 605 574 in
633 540 690 575 M.
718 540 943 582 denticulato,
977 551 997 574 a
1024 551 1098 585 quo
1123 540 1267 575 differt:
1304 541 1474 576 foliorum
1500 542 1616 576 forma

100 604 137 633 et
162 603 326 634 textura.
371 600 428 634 M.
445 600 691 634 Sieberianum
716 600 960 643 distinguitur
986 599 1156 634 foliorum
1177 601 1354 635 dentibus
1374 601 1616 645 longioribus,

99 662 248 693 textura
276 659 626 704 amphigastriisque
652 659 1053 704 oblongo-quadratis.

98 762 134 795 p.
155 755 237 787 225.
288 755 336 787 32
351 753 386 787 b.
412 753 838 799 mastigobryum
864 753 1234 788 acuminatum
1247 752 1365 796 Ldbg.
1376 756 1412 787 et
1423 753 1615 788 Gottsche.

194 822 250 857 M.
277 823 372 857 caule
392 823 633 870 procumbente
658 824 842 858 dichotome
860 835 1005 865 ramoso,
1022 823 1128 869 foliis
1147 824 1337 858 imbricatis
1350 825 1471 866 evacis,
1497 826 1617 859 mediis

97 881 263 926 elongatis
288 882 521 923 subcurvatis,
557 882 701 929 reliquis
733 882 964 917 erectiusculis
996 886 1154 928 margine
1185 884 1335 918 ventrali
1358 884 1616 919 subrotundatis

97 941 366 975 convexiusculis
392 943 627 986 inteyerrimis
658 943 754 988 apice
786 944 896 977 acutis
920 944 1068 988 inteyris
1100 944 1614 988 emavyinato—bi—tridentz'cu-

97 1000 261 1046 latisque,
309 1001 568 1047 ampliiyastriis
614 1002 946 1047 rotundo-oblonyis
991 1002 1242 1037 subeor-datisve
1281 1004 1466 1049 adpresso-
1482 1003 1615 1049 patulis

96 1060 235 1095 obsolete
261 1060 868 1106 emawyinato-Z-3-denticulatis,
892 1063 1018 1106 fructu*
1046 1088 1053 1096 .
1084 1089 1092 1097 .
1119 1087 1128 1096 .

288 1120 458 1155 Liebman
484 1121 560 1155 Iter
584 1121 761 1155 Mea-ioan.
788 1122 905 1156 inedie.

287 1180 504 1225 Lindenberq
529 1189 560 1214 et
589 1181 750 1214 Gottsclze
774 1181 873 1228 Spec.
901 1181 1030 1226 Hepat.
1058 1182 1175 1215 incdit.

192 1250 352 1285 Habitat
378 1252 478 1296 apud
506 1252 793 1296 Sempoaltepec
819 1251 856 1284 in
883 1252 1006 1286 Terris
1035 1252 1249 1286 Mexicanis
1273 1252 1498 1295 (Liebman).

190 1310 325 1344 Differt
352 1322 372 1344 a
400 1311 511 1344 Masc.
542 1311 786 1351 Gottsclceano‚
821 1311 950 1344 habitu
980 1311 1111 1345 simili:
1148 1312 1245 1346 foliis
1274 1311 1504 1345 brevioribus
1533 1311 1613 1346 basi

95 1369 288 1403 latioribus
327 1381 400 1404 non
435 1371 598 1404 curvatis
631 1371 697 1405 sed
736 1370 922 1415 plerisque
957 1371 1076 1405 ovatis
1110 1371 1168 1404 vel
1195 1370 1531 1412 ovato-elongatis
1555 1369 1612 1403 vel

92 1428 247 1471 integris
281 1430 402 1464 acutis
436 1431 493 1464 vel
525 1430 1024 1473 emarginato-bidentatis‚
1060 1430 1116 1463 vel
1153 1430 1435 1464 subrotundatis
1471 1429 1610 1463 triden-

90 1486 267 1522 ticulatis.

93 1581 129 1613 p.
156 1573 241 1605 226.
346 1575 394 1606 35
412 1573 445 1605 b.
485 1573 912 1620 Mastiyohryum
935 1572 1344 1618 pycnophyllum
1368 1573 1516 1615 Taylor.

187 1642 242 1677 M.
270 1643 365 1677 caule
389 1643 464 1677 lawe
487 1645 669 1690 caespitoso
689 1642 931 1690 procumbente
955 1656 1106 1684 ramoso,
1133 1645 1243 1677 ramis
1269 1643 1343 1677 basi
1357 1644 1611 1685 subdenudatis,

79 1700 184 1745 foliis
197 1709 288 1736 arcte
308 1702 502 1737 imbricatis
522 1704 740 1737 subseczmclis
749 1702 950 1748 patentibus
969 1702 1185 1737 subrecm·vis
1205 1702 1499 1749 lineari-oblonyis
1517 1705 1612 1750 apice

87 1759 346 1796 subrotzmdutis
370 1761 704 1797 subtriclenticulatis
723 1763 831 1795 medio
850 1775 964 1807 yrosse
983 1762 1165 1803 cellulosis‚
1190 1763 1451 1809 amplnyastriis
1467 1764 1615 1797 minutis

91 1821 162 1853 late
184 1822 353 1865 quadrato
365 1842 377 1846 -
387 1824 584 1856 rotundatis
610 1835 703 1856 eroso
712 1842 727 1847 -
739 1822 968 1856 denticulatis.

283 1882 561 1927 Mastigobryum
588 1883 856 1927 pycnophyllum
892 1881 992 1927 Tayl.
1030 1882 1115 1916 Nov.
1151 1882 1243 1928 Hep.
1278 1883 1316 1916 in
1342 1882 1454 1916 Lond.
1482 1882 1609 1917 Journ.

366 1940 410 1985 qf'
429 1941 495 1975 bot.
526 1945 627 1976 1846.
651 1954 687 1988 p.
713 1944 796 1976 371.
823 1954 859 1975 n.
894 1944 922 1975 1.

185 2011 347 2046 Habitat
373 2023 456 2046 cum
486 2013 594 2046 illast.
620 2012 821 2057 stolonifero
847 2013 885 2046 in
911 2011 1083 2045 Jamaica
1109 2012 1270 2053 (Swartz
1298 2012 1336 2046 in
1365 2012 1439 2046 Hb.
1469 2014 1579 2057 Hk.).

186 2072 381 2116 Caespites
424 2072 562 2115 pallide
604 2073 668 2106 sed
711 2072 860 2106 sordide
904 2071 1072 2105 olivaceo
1099 2092 1114 2097 -
1139 2072 1289 2105 virides.
1353 2072 1498 2106 Surculi
1535 2074 1611 2107 fere

89 2130 311 2172 3-lineares‚
340 2131 418 2164 basi
442 2132 659 2176 plerumque
689 2132 790 2173 nudi,
817 2142 945 2166 versus
971 2131 1133 2165 medium
1162 2132 1274 2165 ramis
1295 2132 1612 2173 flagelliformibus

89 2189 312 2231 gaudentes.
363 2191 471 2225 Folia
499 2195 600 2224 arcte
634 2191 832 2225 imbricata
869 2191 947 2224 basi
976 2195 1077 2224 recto
1113 2191 1249 2234 angulo
1284 2191 1470 2234 patentia,
1505 2191 1611 2234 apice

90 2247 222 2282 leniter
239 2254 448 2290 recurvata,
467 2250 674 2283 secundum
695 2250 832 2283 lineam
849 2249 1059 2283 medianam
1073 2249 1217 2282 cellulis
1232 2248 1436 2283 maioribus
1449 2249 1609 2291 depicta.

186 2308 344 2342 Accedit
373 2309 421 2342 ad
448 2309 505 2342 M.
538 2309 803 2349 Vincentinum,
839 2309 938 2353 quod
973 2312 1097 2342 tamen
1135 2308 1233 2342 foliis
1266 2308 1384 2351 magis
1411 2308 1550 2343 dissitis
1574 2313 1611 2343 et

90 2367 312 2411 profundius
339 2368 526 2409 dentatis,
555 2368 832 2412 amphigastriis
858 2367 1050 2411 oblongis,
1091 2372 1235 2401 statura
1261 2368 1401 2401 maiore
1427 2372 1463 2401 et
1487 2367 1610 2402 colore

89 2426 285 2470 pallidiore
312 2438 333 2460 a
358 2432 483 2462 nostro
510 2427 697 2461 diversum
724 2434 790 2461 est.

89 2517 126 2550 p.
153 2510 237 2543 226.
302 2511 351 2543 35
366 2520 399 2543 c.
426 2508 852 2554 Mastiqobryum
876 2508 1327 2543 Diebmanianum
1353 2508 1448 2542 Ldb.
1476 2512 1514 2542 et
1538 2508 1586 2541 G.

186 2580 242 2615 M.
281 2581 377 2615 caule
410 2580 650 2628 procumbente
686 2580 873 2614 dichotome
906 2592 1062 2621 ramosa,
1095 2579 1202 2625 foliis
1238 2578 1430 2614 imbricatis
1465 2581 1609 2626 deflexo-

90 2639 343 2685 dz'veryentibus
368 2653 384 2674 e
410 2640 483 2675 basi
509 2640 578 2674 late
604 2646 702 2673 ovata
728 2637 920 2672 linearibus
944 2640 1100 2683 maryine
1130 2638 1270 2672 obsolete
1297 2638 1483 2672 crenulatis
1515 2640 1611 2685 apice

91 2699 238 2734 breviter
276 2701 478 2734 tridentatis
523 2700 682 2735 dentibus
720 2700 832 2733 acutis
875 2699 1110 2742 inteyerrimis
1152 2697 1285 2742 (medio
1316 2710 1413 2744 saepe
1443 2698 1611 2744 maiore),

91 2760 353 2806 amplciyastriis
385 2759 641 2794 subimbrz'catis
674 2758 1049 2804 rotundo-quadratis
1089 2758 1259 2803 adpressis
1305 2758 1439 2804 apic-eve
1476 2756 1611 2803 patulis

92 2821 328 2865 integerrimis
352 2820 486 2866 apiceve
511 2825 671 2854 truncato
697 2816 1092 2860 erenum-denticulatis,
1112 2815 1326 2863 periantltiis
1347 2817 1442 2863 apice
1464 2816 1611 2861 trigonis

91 2879 302 2915 rectiusculis
327 2892 382 2913 ore
407 2879 626 2914 denticulatis
650 2879 730 2913 hinc
742 2878 855 2922 fissis.
