1824 3252
198 201 239 230 '58
840 188 1053 223 Gottsohea.

381 304 643 348 Jnngermaunia
672 303 794 344 aligera
824 301 869 334 N.
888 301 929 334 ab
944 300 992 338 Ε,
1021 299 1111 343 Hep.
1140 298 1219 331 ιΙαυ.
1243 299 1348 342 p.67.
1377 301 1484 332 n.9·2.
1539 299 1585 332 N.
1600 298 1641 332 ab
1658 299 1702 332 E.

467 362 603 395 Reinw.
631 366 665 393 et
694 358 753 392 ΒΖ.
784 359 874 404 Hep.
900 359 980 393 Jav.
1007 359 1044 391 in
1072 358 1155 390 Act.
1186 357 1270 390 Nat.
1302 355 1385 389 Cur.
1415 356 1509 390 XII.
1530 360 1604 402 1.p.
1622 361 1703 391 234.

461 433 495 454 n.
523 423 580 453 51.
632 419 678 451 Ν.
704 418 747 451 ab
777 417 821 451 E.
852 418 886 450 in
915 418 1002 451 Nov.
1033 416 1114 449 Aet.
1132 415 1197 448 Ae.
1218 415 1303 449 Nat.
1325 415 1409 450 Cur.
1438 415 1702 461 Xl.1.p.135.
1731 418 1741 425 ⁵

462 486 484 511 t.
517 476 623 521 16.f.
650 480 683 511 2.
734 476 818 520 Spr.
846 476 884 509 S.
920 476 998 519 Vey.
1029 475 1095 509 lv.
1129 478 1154 507 Ι.
1178 488 1214 520 p.
1242 478 1324 509 227.
1352 487 1385 508 71.
1412 478 1488 509 127.
1542 475 1702 509 Gotlselie

461 536 511 569 Ic.
539 535 633 580 Hep.
659 535 779 567 incdit.

374 607 641 649 Jungermannia
668 602 863 646 cirrhipoda
902 600 1042 647 Taylor.
1071 602 1159 637 Mss.

243 682 275 719 (Ξ.
329 678 431 710 (jaule
459 676 651 707 abbreviato
679 675 733 706 vix
758 674 912 716 pollicari
940 684 1066 706 erecto.

238 763 272 790 γ.
323 748 421 784 lu.ra;
456 746 548 777 caule
574 744 669 775 brevi
691 751 815 783 erecto,
843 745 933 775 foliis
961 744 1175 777 distantibus.

243 821 269 853 δ,
318 817 492 854 emalbida;
529 826 670 858 repenS,
696 824 763 847 tota
791 815 882 847 fibris
908 816 1066 858 plurimis
1092 819 1219 849 muscis
1245 816 1441 856 adhaerens,
1470 816 1557 848 soliis
1575 815 1698 847 albidis

322 877 514 910 lanceolatis
541 874 822 906 subdistantibns.

275 957 416 995 Crescit
449 956 485 990 in
517 956 613 990 Java
650 955 772 989 insula
809 955 854 989 ad
893 959 1028 990 terram
1065 956 1161 990 inter
1188 966 1356 999 muscos,
1390 969 1422 991 v.
1451 968 1482 991 c.
1517 956 1554 990 iu
1582 954 1696 999 sylvis

178 1019 350 1065 Tjerimai
394 1015 546 1057 montis,
585 1025 666 1048 cum
704 1013 951 1058 Playiocffllis,
988 1015 1227 1061 Lopltocoleis,
1267 1016 1466 1063 Her-petiis,
1501 1015 1697 1049 Gottscleeis

178 1080 259 1113 aliis
287 1082 354 1112 etc.
409 1074 576 1118 Reliquis
610 1073 726 1107 multo
760 1073 989 1118 frequentior
1022 1075 1183 1109 occurrit
1220 1076 1386 1119 (Blume,
1420 1075 1625 1119 Junghuhn
1658 1075 1694 1108 in

178 1138 253 1172 Hb.
295 1136 355 1177 N„
389 1134 445 1174 L„
482 1133 584 1177 Lg.);
626 1132 663 1166 in
700 1131 838 1167 Insulis
873 1132 1014 1168 Oceani
1062 1134 1236 1169 australis
1279 1134 1522 1178 Nightingale
1556 1132 1692 1177 (klerb.

179 1197 299 1231 Hook.
328 1206 362 1229 n.
388 1193 483 1235 288).

272 1274 409 1312 Similis
433 1274 532 1309 omni
559 1273 687 1308 habitu
717 1273 920 1307 Gottsclzeae
949 1273 1106 1315 Blumii,
1143 1275 1209 1308 sed
1236 1274 1374 1309 differt:
1408 1279 1551 1310 statura
1577 1274 1689 1309 robu-

176 1339 285 1373 stiore
320 1334 519 1375 strictiore,
553 1333 658 1367 caule
694 1333 804 1375 (cum
840 1333 936 1367 foliis
962 1333 1222 1378 considerato)
1258 1334 1421 1369 nonnihil
1456 1334 1586 1369 latiore
1617 1334 1692 1367 fere

175 1393 446 1439 semipoliicari,
472 1403 541 1426 nec
567 1392 663 1426 foliis
689 1403 756 1426 nec
784 1392 908 1427 lobulo
934 1392 1083 1434 cuiatis,
1109 1393 1178 1427 hoc
1191 1397 1361 1428 truncato
1377 1405 1461 1428 cum
1481 1393 1693 1428 acumiuulo

172 1454 424 1497 integerrimo,
462 1450 736 1494 amphigastriis
771 1451 808 1485 in
841 1452 970 1496 planta
1006 1452 1121 1486 sterili
1157 1453 1306 1488 omnino
1342 1453 1612 1487 deficientibus.
1649 1471 1690 1475 -—-

173 1513 291 1547 Cauiis
316 1512 410 1546 inter
437 1510 521 1544 folia
547 1509 679 1545 foliolis
704 1510 829 1553 parvis
856 1511 1101 1554 palmato-vel
1134 1511 1505 1556 pinnato-multifidis
1530 1509 1689 1546 setaceis

173 1572 284 1607 veluti
313 1573 565 1605 ramentaceus
594 1573 632 1602 ut
658 1569 696 1602 in
725 1569 770 1603 G.
803 1569 941 1605 Blumiz·
965 1575 1002 1605 et
1030 1571 1293 1606 Lehmanniana
1318 1571 1542 1616 (Gottsche).
1581 1570 1689 1610 Quae

170 1631 296 1666 foliola
329 1629 499 1674 equidem
534 1628 570 1662 in
604 1628 665 1662 illa
700 1639 722 1662 a
754 1639 812 1662 me
846 1630 1044 1665 observata
1079 1631 1100 1664 Ι.
1129 1642 1159 1664 c.
1189 1632 1291 1675 (Act.
1321 1632 1408 1666 Nat.
1437 1631 1525 1666 Cur.
1551 1629 1624 1664 XI.
1658 1632 1686 1662 1.

168 1702 202 1733 p.
236 1692 330 1734 137.)
365 1700 386 1723 a
412 1687 506 1722 ciliis
539 1687 708 1722 foliorum
734 1692 770 1721 et
797 1689 1145 1733 amphigastriorum
1171 1690 1456 1725 decurrentibus
1483 1687 1687 1723 derivanda

168 1757 248 1782 esse
276 1747 483 1782 censebam.

307 1901 339 1929 υ.
393 1894 669 1930 Gottschea
706 1895 1120 1940 Philippinensis
1171 1896 1217 1930 N.
1233 1898 1279 1948 ab
1298 1896 1340 1930 Ε.
1367 1900 1405 1930 et
1422 1896 1540 1930 Mont.

263 2009 306 2042 G.
333 2008 425 2041 caule
445 2008 689 2053 procumbente
702 2008 870 2054 jicrcato,
893 2008 1001 2055 foliis
1025 2008 1213 2043 imbricatis
1252 2006 1684 2055 lanceolam-acuminatis

169 2067 339 2112 Iobuloque
352 2065 524 2111 jbliiqeno
549 2067 732 2101 semicavata
757 2075 856 2103 acute
882 2075 1084 2103 excurrente
1107 2075 1231 2113 aryute
1243 2067 1400 2108 serratis,
1425 2066 1684 2112 amphiyastriis

122 2119 125 2121 v
169 2130 204 2161 in
228 2127 346 2172 planta
360 2126 557 2171 fructifera
585 2133 721 2161 tantum
747 2127 852 2163 obviis
877 2128 1068 2162 imbricatis
1089 2127 1367 2173 tri-quadrifidis
1380 2127 1537 2168 serratis,
1551 2125 1682 2171 fructu

170 2185 318 2225 laterali,
343 2186 514 2218 involucri
528 2185 635 2230 foliis
660 2187 816 2221 connatis
841 2187 998 2231 margine
1023 2187 1315 2221 serraco-ciliatis.

357 2256 537 2287 Gottschea
572 2257 836 2301 Philippinensis
873 2258 989 2293 Mont.
1018 2252 1054 2291 in
1081 2257 1214 2292 Annal.
1251 2258 1309 2292 cles
1340 2269 1385 2291 sc.
1420 2263 1539 2290 natur.
1574 2254 1683 2288 Avril

439 2315 539 2348 1843.
562 2326 599 2359 p.
627 2318 709 2350 244.
737 2328 771 2350 η.
801 2320 855 2352 13.

351 2384 554 2425 Plagiochila
594 2386 762 2430 (aligera)
797 2387 1060 2430 Philippinensis
1096 2386 1212 2421 Mont.
1252 2387 1337 2421 Boc.
1375 2385 1497 2432 Crypt.
1534 2386 1570 2419 in
1596 2385 1676 2419 itin.

435 2453 511 2476 nav.
540 2443 602 2485 „la
629 2444 785 2480 Bonite“
813 2446 943 2480 circum
969 2452 1100 2480 terrum
1126 2453 1151 2481 t.
1180 2449 1261 2482 149.
1277 2446 1315 2492 f.
1342 2449 1376 2480 4.

351 2514 401 2553 Jg.
429 2513 550 2553 aligera
578 2514 649 2547 Hb.
679 2516 795 2550 Neesiz·
821 2524 855 2550 et
882 2517 975 2562 Hep.
1003 2517 1083 2551 Jav.
1111 2529 1153 2551 ex
1172 2523 1286 2563 parte.

439 2569 601 2604 Gottselze
627 2572 679 2608 Ie.
707 2575 798 2621 Hep.
826 2576 946 2610 inedit.

350 2640 632 2683 Notopterygium
659 2645 909 2689 Philippiueuse
938 2646 1055 2680 Mont.
1083 2647 1120 2680 in
1146 2646 1267 2681 literis.

257 2721 361 2754 Folia
387 2723 409 2753 4
438 2718 502 2754 lin.
530 2721 652 2765 longa,
680 2727 700 2767 {-
727 2726 788 2760 lin.
817 2727 905 2769 lata,
940 2728 1077 2762 lamina
1103 2729 1260 2763 dorsalis
1283 2729 1309 2762 '2
1335 2728 1398 2762 lin.
1434 2728 1558 2771 longa,
1592 2726 1671 2760 basi

163 2790 230 2812 sua
258 2777 334 2812 folii
360 2779 560 2820 marginem
588 2782 784 2818 excedens.
836 2786 1101 2831 Ampl1iyastria
1127 2787 1424 2831 ovali-oblonga.

256 2849 299 2881 In
327 2848 549 2893 Philippinis
574 2851 707 2887 insulis
736 2854 935 2897 (Manilia),
965 2856 1009 2890 ad
1038 2857 1194 2892 cortices
1230 2858 1501 2902 (Gaudichaud
1527 2857 1565 2892 in
1593 2857 1670 2891 Hb.

162 2904 214 2937 Με
242 2910 276 2938 ct
305 2907 349 2940 N.
379 2918 413 2942 n.
447 2910 516 2951 52.)
568 2910 610 2943 In
638 2911 733 2945 «lava
762 2912 881 2947 insula
909 2914 1041 2950 Blume
1067 2917 1169 2961 legit.
