1824 3252
185 184 258 218 702
829 174 1081 219 Lophocolea.

186 295 296 341 apice
321 296 409 330 fissa
438 294 476 329 in
504 295 700 335 segmenta
726 289 802 326 duo
831 288 1067 330 acuminata,
1111 299 1270 332 quorum
1297 288 1485 334 singulum
1511 293 1724 326 extrorsum

185 356 337 391 dentem
364 352 506 392 exserit
532 353 663 386 latum.

281 415 439 450 Accedit
464 413 557 447 haec·
586 411 633 446 ad
662 409 912 457 Lophocoleam
935 408 1088 454 ⁸qrz‘seam
1115 418 1163 442 ex
1190 407 1333 442 Insulis
1352 408 1604 454 Aucklandii;
1631 411 1724 447 haec

184 480 309 510 autem
355 474 473 508 multo
521 472 643 508 minor
683 476 740 506 est
780 469 954 515 foliisque
992 468 1176 503 instructa
1220 468 1501 512 angustioribus
1538 471 1723 508 obovatis.

184 533 399 581 Lophocolea
419 532 667 579 planiuscula,
702 531 871 566 eiusdem
900 534 1023 564 terrae
1049 528 1163 572 civis,
1201 529 1318 564 multo
1355 533 1412 564 est
1436 529 1547 564 latior
1574 533 1722 577 amphi-

183 594 333 640 gastriis
360 593 592 638 longioribus
620 593 773 637 fereque
799 589 1050 635 integerrimis
1076 588 1261 633 praedita.
1314 588 1436 624 Binae
1470 589 1541 624 hae
1566 589 1725 634 ⁸species

182 655 328 691 cellulis
355 665 505 700 quoque
532 653 706 688 foliorum
734 651 980 696 amplioribus
1007 649 1301 693 distinguuntur.
1351 648 1506 694 (Taylor
1530 650 1554 685 l.
1581 650 1630 694 c.)

181 762 218 795 p.
251 753 330 785 169.
431 753 478 784 38
497 749 532 783 b.
560 751 573 783 τ
610 748 945 793 Daphne-olea
968 746 1254 782 musculosa
1280 743 1328 779 N.
1358 745 1405 778 ab
1432 745 1475 778 E.

282 823 327 857 L.
364 821 462 857 caede
495 821 683 867 caespitoso
710 817 956 867 procumbente
989 816 1206 859 subi-amoso,
1233 815 1344 862 foliis
1380 815 1574 852 imbricatis
1603 818 1727 852 erectis

180 883 334 917 secundis
370 880 531 916 tenuibus
573 893 590 914 e
633 879 708 914 lata
751 880 951 914 decurrente
995 877 1070 912 basi
1118 879 1304 912 rotundato
1319 897 1334 902 -
1351 878 1534 923 quadratis
1569 879 1727 924 nacoyine

182 943 406 988 &nestri-ineo
441 942 614 987 repando,
653 939 918 986 (171111h59asts1·iis
948 936 1138 972 maior-ibus
1174 939 1330 972 concavis
1364 938 1474 972 ocutis
1508 936 1623 984 bifidis
1655 951 1725 983 sey-

180 1004 304 1037 mentis
329 1001 528 1037 lcmceolatis
554 1001 801 1046 inteyerrinu's.

374 1064 647 1106 Juugermauuia
683 1062 860 1094 vasculosa
911 1058 1016 1105 Tayl.
1053 1058 1149 1104 Hep.
1187 1065 1338 1093 anearct.
1377 1059 1416 1091 in
1449 1058 1562 1093 Lond.
1597 1058 1724 1092 Journ.

461 1122 506 1166 of
527 1121 592 1155 bot.
626 1124 729 1156 1844.
754 1134 789 1167 p.
816 1123 899 1155 461.
926 1132 962 1154 n.
993 1122 1048 1154 17.

278 1183 440 1218 Habitat
467 1183 505 1217 in
533 1181 673 1216 Insulis
701 1179 963 1216 Falklandicis
991 1178 1162 1223 (Hooker
1183 1179 1298 1224 jun.).

278 1244 451 1290 Caespites
487 1241 630 1287 aliquot
664 1241 818 1286 pollices
853 1240 938 1280 lati,
976 1238 1370 1283 nigricanti-virides.
1425 1237 1548 1271 Caules
1573 1236 1722 1281 bipolli-

180 1313 304 1345 cares,
331 1314 444 1347 parce
473 1304 622 1337 ramosi.
664 1302 770 1335 Folia
798 1300 1027 1341 laxiuscula,
1054 1298 1275 1340 imbricata,
1313 1297 1480 1342 margine
1515 1309 1629 1342 saepe
1663 1298 1722 1331 in-

181 1364 294 1405 nexa,
323 1367 536 1397 antrorsum
569 1362 736 1397 nonnihil
765 1361 947 1405 gibbosa,
986 1360 1067 1394 basi
1094 1360 1233 1393 dorsali
1263 1358 1523 1400 decurrentia,
1557 1358 1722 1400 integer-

180 1423 275 1457 rima
304 1423 370 1457 sed
398 1423 590 1467 repanda3
617 1426 770 1456 textura
794 1421 903 1455 valde
923 1420 1047 1454 tenuis
1068 1420 1228 1454 maculis
1256 1419 1403 1464 amplis.
1455 1417 1726 1464 A7npl112qastria

177 1482 287 1518 valde
327 1482 557 1526 conspicua,
603 1482 749 1515 caulem
794 1480 1060 1524 amplectentia
1097 1479 1165 1526 (?);
1214 1483 1414 1523 segmenta
1456 1488 1583 1511 eorum
1623 1478 1724 1511 lato-

176 1542 391 1577 lanceolata
421 1548 520 1577 sunt.

274 1602 465 1643 Dubium,
504 1607 628 1636 utrum
657 1603 754 1636 inter
785 1599 1016 1647 Loplwcoleas
1043 1609 1091 1632 an
1119 1597 1245 1642 potius
1271 1596 1368 1631 inter
1397 1596 1638 1644 Clziloscypltos
1672 1596 1720 1630 sit

175 1662 397 1704 inserenda3
438 1668 592 1707 propter
626 1662 783 1705 figuram
820 1660 992 1695 foliorum
1031 1658 1328 1702 subquadratam
1363 1656 1551 1700 prioribus
1579 1667 1720 1691 accen—

176 1723 319 1758 sebam.
351 1723 697 1768 „Jnnycrmann{am
723 1721 943 1767 cordifoliam
960 1720 1072 1753 Hoolz.
1095 1718 1224 1753 habitu
1253 1717 1417 1752 referre“
1446 1716 1576 1751 scribit
1596 1720 1714 1750 autor.

176 1816 212 1849 p.
244 1808 326 1840 169.
434 1808 480 1839 38
498 1816 529 1837 c.
558 1806 571 1838 ἲ
610 1805 943 1848 Zophea-olea
972 1802 1293 1846 ‹nc-strigena
1319 1800 1466 1843 Taylor.

273 1878 317 1911 L.
346 1876 443 1911 caule
471 1875 546 1909 [ατε
572 1877 757 1922 caespitoso
782 1875 940 1920 elonyato
965 1875 1189 1908 adscendente
1208 1885 1355 1914 ramoso,
1383 1873 1532 1907 surculis
1549 1873 1714 1916 incurvis,

164 1935 271 1980 foliis
308 1935 503 1969 imbricatis
537 1943 649 1969 erecto
660 1955 675 1960 -
679 1935 884 1982 patentibus
915 1933 1133 1968 subsecundis
1159 1934 1358 1967 rotundatis
1390 1934 1544 1967 concavis
1569 1935 1716 1979 integrm·-

174 1996 298 2035 rimis,
338 1996 600 2041 amplcifsastriis
625 1994 816 2028 madoribus
844 1995 1042 2028 rotundatis
1078 1995 1176 2039 apice
1209 1992 1484 2036 bidenticulatis‚
1517 1993 1718 2039 periantlez'o

176 2054 357 2089 terminali
383 2054 524 2100 oblonyo
549 2056 893 2100 correpresso-trz'yono
918 2066 974 2086 orc
999 2052 1208 2097 subinteyrm
1617 2055 1620 2059 ’

366 2116 639 2158 Jungermanuia
668 2115 862 2157 austrigena
893 2112 996 2159 Tayl.
1025 2113 1120 2158 Hep.
1147 2119 1298 2147 mztarct.
1326 2112 1364 2145 in
1388 2112 1501 2146 Lond.
1528 2111 1655 2146 ιῙιηινη.
1679 2113 1724 2158 of

456 2173 522 2208 bot.
551 2178 654 2209 1844.
676 2187 714 2220 p.
742 2177 827 2208 466.
852 2187 887 2208 n.
909 2176 968 2208 27.

273 2234 420 2269 Crescit
458 2234 495 2268 in
537 2235 628 2279 ripis
662 2234 826 2269 humidis
861 2234 1013 2268 Insulae
1050 2232 1221 2267 Hermite
1256 2235 1294 2267 et
1329 2231 1581 2267 Promontorii
1609 2231 1716 2267 Horn

177 2294 349 2338 (Hooker
371 2294 484 2339 jun.).

273 2353 448 2400 Cacspz'tes
470 2354 604 2398 ampli,
634 2354 734 2396 laxi,
762 2354 910 2389 albido-
939 2358 978 2388 et
999 2353 1379 2388 lutescenti-virides.
1434 2352 1560 2387 Cautes
1584 2356 1607 2387 3
1628 2353 1715 2398 poll.

172 2415 289 2459 longi,
316 2416 490 2456 flexuosi,
519 2415 622 2450 varie
650 2414 802 2449 ramosi.
854 2414 959 2448 Folia
988 2418 1090 2448 arcte
1116 2413 1336 2454 imbricata,
1358 2413 1396 2447 in
1424 2413 1535 2448 dorso
1561 2414 1714 2458 paullu—

172 2476 251 2510 lum
287 2476 538 2511 decurrentia.
597 2475 870 2522 Amplziqastria
910 2474 1234 2516 suborbicularia,
1275 2472 1518 2517 integerrima
1555 2476 1716 2517 excepto

174 2534 282 2579 apice
309 2536 374 2570 ubi
401 2535 439 2570 in
467 2535 658 2580 plerisque
679 2535 787 2569 lentis
814 2546 885 2579 ope
909 2534 1089 2569 denticuli
1116 2533 1332 2578 duoexigui
1361 2536 1558 2577 apparent.
1606 2532 1714 2565 Peri—

172 2594 336 2629 antlaeium
361 2595 586 2639 oblongum,
614 2605 815 2639 magnum,
843 2595 946 2630 varie
967 2598 1127 2635 tortum,
1163 2596 1369 2638 trigonum,
1397 2593 1515 2627 latere
1539 2590 1716 2627 inferiore

173 2654 319 2697 latiore,
347 2655 498 2690 duobus
525 2656 675 2700 superis
698 2656 837 2699 angulo
864 2655 1033 2691 obsoleto
1060 2656 1350 2698 coniunguntur.

271 2714 426 2759 Species
453 2715 570 2757 haee,
611 2715 701 2750 nulli
736 2715 932 2761 hucusque
965 2715 1240 2760 descriptarum
1275 2712 1427 2756 similis,
1463 2711 1715 2758 perianthium

171 2773 289 2808 habet
323 2774 578 2821 Lophocoleae‚
622 2786 642 2808 e
678 2775 787 2810 cuius
825 2786 940 2810 censu
978 2779 1192 2811 removetur
1223 2773 1323 2809 foliis
1362 2778 1399 2808 et
1436 2771 1715 2818 amphigastriis

172 2832 344 2879 integris.
393 2835 550 2879 (Taylor
577 2835 600 2870 l.
628 2836 682 2880 c.)

272 2894 416 2930 Nostra
442 2894 633 2930 sententia
658 2895 756 2929 inter
782 2895 1043 2940 Lophoeoleas
1080 2894 1327 2941 relinquenda
1359 2893 1485 2940 potius
1520 2902 1633 2939 quam
1666 2891 1714 2926 ab

171 2950 221 2988 iis
246 2952 459 2990 dirimenda
486 2959 544 2991 est
569 2955 663 2992 haec
690 2955 847 3001 species.
897 2954 966 3000 (N.
994 2955 1042 2990 ab
1070 2955 1132 3002 Ε.)
