1824 3252
727 186 928 222 Frullania.
1516 191 1589 225 443

64 304 266 348 plicatum;
309 306 408 337 statu
451 301 597 336 iuniore
632 301 762 336 tubulo
798 300 901 336 brevi
937 304 1173 342 coronatum,
1216 299 1385 334 adultum
1427 310 1589 344 superne

62 366 89 396 -3
106 383 122 388 -
136 365 160 396 4
172 382 187 388 -
204 362 342 396 fissum.

161 421 349 455 Auriculis
374 420 526 454 minutis
553 419 833 462 divergentibus
860 419 954 452 haec
982 418 1141 462 species,
1169 422 1205 452 et
1231 418 1451 462 praesertim
1484 419 1585 464 peri-

68 480 194 515 anthio
220 480 371 524 plicato,
401 479 508 513 facile
535 490 557 513 a
583 478 856 522 congeneribus
882 478 1137 521 dignoscenda
1165 479 1314 522 (Taylor
1339 477 1363 511 1.
1390 477 1456 520 c.).

356 553 414 584 68.
467 550 754 585 Frullania
786 549 1078 596 h-ypoleuca
1108 549 1155 584 N.
1185 548 1232 582 ab
1260 549 1303 582 Ε.

164 610 230 643 Fr.
256 608 350 642 caule
374 616 508 655 repente
528 610 707 655 pinnatim
732 610 923 654 composito,
951 610 1057 642 rmm's
1080 608 1244 654 confertis
1254 606 1470 654 patentibus,
1486 606 1592 652 foliis

67 676 163 702 arcte
188 669 380 702 imbricatis
404 667 737 712 rotundo-oblonyis
769 668 922 701 convexis
946 667 1074 701 obtusis
1098 668 1330 711 inteyerrimc's
1360 667 1483 700 nitidis
1506 666 1590 709 (ra-

68 726 239 760 mulorum
264 728 451 772 minutis),
493 726 661 761 auriculis
692 726 931 772 subparallelis
955 725 1335 772 cylindrico-oblonyis
1366 726 1546 759 denudatis
1571 737 1592 758 a

67 785 161 818 caule
192 785 398 819 distantibus
433 784 564 818 lamina
591 786 804 830 ῐνίαηφιῖανί
828 787 1022 825 interiecta,
1048 787 1174 819 'rameis
1199 784 1483 830 confertioribas,
1517 796 1591 817 am-

61 844 270 890 plziyastriis
295 846 403 878 oratis
429 845 662 888 inceyerrimis
687 845 804 889 bg'fidis
829 845 967 878 Iacz'niz's
993 847 1102 879 acutis
1126 844 1461 886 subconniventibus,
1486 842 1593 888 foliis

68 902 334 936 incolueralc'bas
364 904 473 936 omnis
506 904 600 948 apice
634 903 840 937 subserratis
874 902 984 937 {obulo
1016 904 1330 949 ampla‘yastrioque
1364 902 1468 947 bifido
1501 903 1591 936 inte-

63 962 246 1004 „cler-rimis,
277 961 476 1006 perianthio
513 960 650 995 obovato
684 962 783 996 domo
814 974 955 996 concavo
989 970 1106 996 ventre
1137 964 1370 997 unicarinato.
1430 961 1593 996 Gottsclee

69 1019 164 1054 Icon.
192 1021 325 1065 Hepat.
352 1020 471 1053 incdit.

165 1078 326 1113 Habitat
352 1079 387 1112 in
417 1080 524 1113 Oahu
553 1079 674 1113 insula
701 1080 870 1124 (Meyen,
899 1081 975 1114 Hb.
1005 1081 1082 1125 N.).

166 1137 301 1171 Differt
330 1149 348 1171 a
378 1138 572 1173 Frullcmia
605 1139 821 1184 ramulzyera
856 1139 952 1173 soliis
986 1144 1087 1173 arcte
1120 1138 1326 1174 imbricatis
1359 1151 1433 1175 non
1464 1143 1589 1174 trans-

70 1207 172 1230 verse
214 1198 381 1232 rotundis
421 1198 486 1232 sed
534 1198 988 1242 orbiculato-oblongis,
1041 1198 1218 1232 auriculis
1255 1199 1378 1233 minus
1418 1198 1592 1243 obliquis,

70 1256 345 1300 amphigastriis
373 1257 666 1300 angustioribus,
693 1257 887 1291 involucro
914 1256 1225 1300 subintegerrimo
1252 1261 1289 1290 et
1313 1257 1535 1301 perianthio.

320 1332 377 1364 69⁴
430 1329 717 1363 Frullanv'a
743 1328 1107 1363 subtilissima
1132 1327 1252 1371 Ldbg.

163 1388 229 1422 Fr.
257 1388 352 1421 caule
379 1389 564 1422 tenerrimo
589 1395 727 1433 repente
751 1387 991 1434 subbipimzato
1017 1388 1124 1421 'rames
1149 1387 1370 1428 divaricatis,
1384 1386 1491 1432 foliis
1515 1398 1592 1420 sm·-

67 1446 222 1480 culoram
236 1447 435 1492 fortiorum
458 1448 726 1481 cordato-ovate&
737 1447 866 1481 obtusis
877 1447 1141 1489 mucronatisve,
1169 1445 1384 1480 ramulorum
1406 1445 1594 1490 yracilium

68 1506 275 1540 distantibus
301 1506 451 1540 ovalibus
476 1506 673 1540 auriculam
697 1507 920 1552 aequantibus
945 1513 1006 1540 aut
1030 1507 1143 1540 eadem
1168 1504 1388 1546 brevioribus,
1425 1504 1594 1539 auriculis

68 1565 332 1599 horizontaliter
355 1565 409 1599 vel
432 1565 563 1610 oblique
588 1578 611 1599 a
636 1566 732 1599 caule
758 1565 963 1600 distantibus
997 1565 1150 1607 (lacinia
1180 1563 1403 1609 subuliformi
1434 1576 1592 1598 nonnun-

67 1637 170 1669 quam
194 1626 396 1670 interiecta)
429 1637 446 1658 e
470 1627 627 1670 maryine
650 1625 739 1669 folii
772 1625 929 1658 oriundis
953 1623 1105 1667 oblau-qis
1130 1623 1203 1656 basi
1229 1623 1420 1664 truncatis,
1456 1623 1591 1668 (calphi-

66 1684 212 1727 9astrz‘is
249 1684 393 1717 minutis
417 1684 624 1717 distantibus
649 1684 758 1717 oratis
782 1684 950 1729 adpressis
975 1683 1090 1727 bifidis
1115 1682 1253 1716 laciniis
1277 1682 1388 1715 acutis
1408 1682 1593 1725 inteyerri-

70 1742 146 1782 mis,
172 1742 348 1776 involucro
373 1755 515 1787 υιαφιο,
542 1742 648 1787 foliis
686 1742 753 1776 late
777 1744 887 1776 oratis
911 1743 1023 1776 acutis
1047 1742 1142 1787 apice
1166 1738 1418 1784 clivctycntibus
1442 1739 1597 1784 mar-aine

70 1800 261 1845 anyulatis,
297 1801 406 1835 Iobzclo
443 1802 753 1848 anzplaeiyastriique
785 1802 922 1835 laciniis
954 1801 1162 1835 acuminatis
1182 1812 1289 1846 parce
1312 1800 1469 1842 serratis,
1495 1799 1595 1845 peri-

69 1860 189 1894 αηιΙιίο
214 1860 351 1906 oblonyo
377 1861 451 1895 basi
477 1861 598 1907 inflato
623 1862 669 1894 ad
691 1861 821 1906 apicem
847 1861 945 1894 dorso
978 1872 1120 1894 concavo
1144 1866 1261 1893 ventre
1285 1859 1516 1893 unicarinato.

261 1922 433 1953 Frullania
460 1930 562 1952 atrata
589 1924 611 1961 β
638 1920 862 1952 subtilissima
890 1919 946 1952 M.
973 1925 1005 1952 et
1032 1919 1079 1953 N.
1108 1918 1223 1951 Movet.
1250 1918 1288 1952 in
1310 1917 1443 1950 Amzal.
1469 1918 1524 1951 des
1547 1929 1595 1951 sc.

345 1975 418 2001 nat.
456 1967 568 2002 XIV.
601 1970 702 2002 1840.
724 1979 762 2012 p.
788 1969 873 2001 333.

110 2066 114 2069 .
169 2025 328 2060 Habitat
364 2026 400 2060 in
444 2026 592 2060 Guiana
633 2025 780 2059 Gallica
827 2025 873 2059 ad
914 2029 1064 2059 truncos
1104 2023 1221 2058 Bimae
1263 2022 1448 2058 Orellanae
1487 2035 1596 2058 secus

72 2086 206 2119 flumen
234 2086 335 2121 Kau.
386 2085 571 2130 Leprieur
598 2097 632 2119 n.
660 2087 744 2120 254.
770 2083 864 2127 (Hb.
894 2083 950 2119 M.
978 2088 1015 2117 et
1044 2083 1110 2127 N.)

169 2144 299 2178 Denso
326 2145 460 2179 crescit
493 2149 630 2188 strato,
669 2147 775 2179 caule
809 2142 1061 2178 famosissimo
1096 2142 1205 2176 valde
1230 2142 1421 2185 irregulari
1450 2143 1594 2177 flexuo-

73 2203 197 2248 sisque
214 2203 367 2238 ramulis
387 2204 573 2245 intricato‚
591 2209 614 2239 2
628 2225 643 2231 -
657 2208 680 2239 6
697 2204 891 2238 linearum.
925 2201 1074 2236 Ramuli
1094 2201 1155 2235 alii
1176 2205 1263 2235 sunt
1281 2200 1438 2244 graciles
1460 2201 1598 2235 micro-

72 2263 205 2307 phylli,
237 2264 298 2297 alii
321 2264 555 2298 densioribus
575 2264 855 2308 maioribusque
879 2262 976 2296 soliis
1004 2261 1141 2303 vestiti,
1168 2260 1423 2294 intercurrunt
1449 2271 1596 2304 quoque

73 2323 110 2356 in
137 2323 266 2357 eodem
295 2323 400 2357 caule
426 2323 485 2357 vel
512 2333 614 2357 ramo
641 2323 840 2358 intervalla
870 2322 944 2356 alia
967 2321 1221 2364 macrophylla
1246 2319 1319 2353 alia
1340 2318 1597 2361 microphylla.

73 2381 252 2415 Auricula
267 2386 413 2416 constat
438 2382 579 2427 ubique
604 2386 641 2416 et
661 2382 779 2416 forma
803 2387 839 2415 et
858 2380 1127 2425 magnitudine,
1151 2379 1230 2414 scil.
1251 2377 1597 2420 clavato-oblonga,

71 2441 222 2485 oblique
248 2442 458 2484 dioergens,
474 2442 573 2485 plica
600 2444 759 2485 angusta
783 2441 860 2474 folii
882 2441 979 2474 cauli
1003 2440 1153 2474 adnexa
1172 2441 1220 2479 et,
1238 2437 1301 2471 ubi
1324 2437 1416 2471 haec
1435 2436 1473 2470 in
1493 2437 1594 2471 auri-

74 2501 196 2534 culam
221 2501 364 2541 transit,
392 2511 506 2545 saepe
534 2501 644 2535 dente
663 2512 779 2544 parvo
799 2500 1016 2534 accedente.
1055 2498 1161 2533 Folia
1188 2497 1306 2531 caulis
1331 2496 1497 2540 primarii
1523 2497 1597 2531 fere

75 2560 227 2593 cordata
255 2560 420 2603 margine
447 2571 560 2605 saepe
586 2560 741 2594 undata.
785 2559 827 2591 In
855 2557 966 2592 ramis
998 2556 1251 2601 microphyllis
1276 2554 1442 2589 maxima
1472 2555 1599 2590 diver-

76 2618 168 2652 sitas
186 2618 399 2661 formarum,
426 2620 522 2655 foliis
541 2631 590 2655 ex
610 2619 732 2655 ovatis
755 2617 1034 2662 auriculamque
1049 2615 1282 2659 longitudine
1303 2624 1409 2648 suam
1427 2624 1595 2658 aequan-

77 2676 179 2710 tibus
206 2677 431 2712 abeuntibus
455 2678 492 2712 in
519 2679 702 2724 oblonga,
742 2679 905 2713 obovata
942 2677 1000 2711 vel
1036 2675 1245 2710 lanceolata
1277 2672 1517 2718 proportione
1550 2673 1599 2707 ad

76 2735 282 2769 auriculam
297 2736 547 2773 decrescente.
585 2739 767 2773 Auricula
782 2747 1048 2782 nonnunquam
1062 2735 1266 2780 duplicata,
1284 2733 1371 2767 solio
1388 2732 1597 2767 obliterato.

172 2794 206 2828 A
231 2794 424 2830 Frallania
448 2797 737 2842 Junyhulmiana,
764 2797 930 2832 omnium
956 2795 1143 2840 proxima,
1169 2793 1311 2827 differt:
1339 2792 1473 2833 colore,
1500 2790 1598 2825 foliis

77 2852 439 2897 cordato-oblongis
466 2855 586 2890 acutis
613 2867 683 2891 nec
709 2856 767 2891 vel
792 2856 937 2890 obtusis
963 2854 1111 2889 muticis
1138 2853 1195 2887 vel
1221 2850 1598 2901 inflexo-apiculatis,

77 2911 270 2947 involucro
296 2912 435 2948 maiore
462 2920 614 2950 serrato.
666 2915 699 2950 A
725 2914 920 2950 Frullania
944 2921 1065 2949 atrata
1090 2912 1236 2957 longius
1263 2911 1389 2947 distat.
