1824 3252
213 184 259 214 68
871 174 1072 218 Scapania.

259 303 283 330 ’γ
298 295 329 334 ³⁶²,
356 292 478 332 maior,
523 290 783 332 seruipollicaiis
812 296 843 320 et
868 288 1015 329 longior,
1042 286 1163 318 lobulo
1191 286 1317 319 dorsali
1344 296 1616 334 erecto—patente
1638 291 1733 334 apice

356 355 494 384 incurvo
521 348 799 389 ventralibusque
828 346 990 378 omnibus
1017 346 1257 379 obtusissimis.

491 408 536 441 N.
562 406 604 439 ab
631 405 678 440 Ε.
707 405 799 451 Hel).
829 405 921 438 Eur.
949 404 1001 438 II.
1026 417 1062 451 p.
1089 407 1172 440 432.

297 474 323 513 δ,
351 472 438 504 soliis
471 466 738 511 perigenialibus
774 467 807 497 in
840 464 959 497 medio
1001 466 1096 498 caule
1133 466 1318 506 confertis,
1363 468 1504 511 reliquis
1538 469 1733 501 minoribus

353 529 456 562 ovans
494 526 651 557 concavis
687 524 758 556 basi
793 525 933 556 saccatis
976 524 1230 567 subaequaliter
1273 525 1406 566 bifidis,
1449 527 1581 560 laciniis
1621 529 1732 572 parvis

351 589 468 625 acutis,
492 586 580 617 soliis
607 585 750 616 caulinis
777 584 891 615 minus
919 583 1212 616 incumbentibus.

489 644 537 678 N.
562 643 603 676 ab
631 643 676 676 E.
706 642 799 688 Hep.
829 642 921 676 Eur.
950 641 972 675 I.
999 655 1027 675 c.

304 709 445 742 Omnes
486 702 687 737 varietates
734 700 906 736 habitant
946 701 1041 736 inter
1077 711 1225 736 muscos
1260 701 1475 745 frondosos⁷
1515 703 1732 747 praesertim

208 765 374 812 Sphagni
421 762 585 807 species,
637 761 675 796 in
724 761 842 806 pratis
886 761 968 795 udis
1016 761 1168 796 turfosis
1209 761 1507 797 Scandinaviae:
1552 762 1732 797 Gevaliae

208 823 465 872 ffbedcnius),
492 822 729 866 Lapponiae:
767 821 803 855 in
841 821 927 855 Stor
953 821 1097 855 Thokin
1131 824 1167 854 et
1195 821 1240 854 ad
1270 820 1481 866 Quickjock
1514 819 1731 866 Lapponiae

424 871 435 882 o

206 884 376 922 Luleusis
405 881 648 927 (Angstro'm),
677 879 914 921 Germaniae,
942 880 1089 914 Galliae
1118 885 1153 914 et
1178 880 1215 914 in
1243 881 1373 915 Insula
1400 881 1575 926 Corcyra.

511 968 567 1001 10.
618 964 891 1008 §capania
916 973 1196 1000 nemorosa
1232 964 1280 999 N.
1309 965 1356 999 ab
1384 965 1426 999 E.

300 1028 357 1061 Se.
371 1024 480 1070 foliis
503 1022 819 1065 viliam-dentatis,
855 1023 927 1057 labo
962 1030 1108 1069 utroque
1144 1036 1289 1058 convexo
1314 1024 1448 1066 obtuso,
1483 1023 1635 1058 ventrali
1666 1021 1726 1055 ob-

203 1092 298 1121 ovato
331 1084 484 1129 obliquo,
524 1082 654 1117 dorsali
687 1082 791 1129 duplo
824 1083 954 1117 minori
989 1083 1222 1126 incumbente,
1261 1084 1411 1119 surculis
1443 1085 1542 1119 dorso
1574 1081 1730 1117 conveaeis

203 1145 375 1191 riyidulis.

392 1202 598 1245 Plagiochila
632 1213 814 1233 nemorosa
854 1200 910 1235 M.
946 1207 979 1234 et
1014 1201 1062 1234 N.
1098 1201 1135 1235 in
1162 1202 1210 1237 N.
1239 1202 1280 1236 ab
1311 1202 1358 1237 Ε.
1394 1203 1489 1250 Hep.
1525 1202 1617 1236 Eur.
1653 1200 1727 1235 III.

475 1273 513 1306 p.
541 1263 623 1295 524.
650 1272 685 1294 n.
718 1262 783 1293 13.’
803 1259 871 1294 IV.
893 1272 932 1306 p.
960 1259 1181 1295 XXXVII.

394 1322 660 1362 Jungermannia
695 1332 880 1352 nemorosa
915 1320 960 1353 L.
1012 1320 1060 1354 N.
1087 1320 1130 1354 ab
1157 1320 1205 1355 E.
1243 1320 1336 1366 Hep.
1374 1320 1468 1355 Eur.
1509 1320 1539 1355 Ῑ.
1567 1332 1605 1366 p.
1644 1320 1730 1353 203.

480 1378 533 1413 ΙΙ.
555 1390 593 1424 1¹·
619 1380 701 1412 434.
728 1390 762 1412 n.
793 1381 849 1414 13.
899 1378 1038 1413 Funck.
1067 1379 1233 1426 Cryptoy.
1261 1392 1328 1414 exs.
1356 1380 1496 1415 XXX.
1522 1392 1558 1415 n.
1583 1382 1667 1414 737.

284 1453 316 1480 x,
343 1438 550 1480 communis,
598 1439 686 1470 soliis
723 1439 889 1471 viridibus
924 1441 1026 1482 longe
1063 1441 1202 1480 efflatis,
1244 1440 1327 1471 lobo
1370 1441 1513 1472 ventrali
1558 1439 1727 1471 obovato-

345 1500 433 1530 ovali
461 1498 684 1540 aequilatero.

480 1556 527 1590 Ν.
555 1555 596 1589 ab
624 1555 670 1589 E.
698 1554 721 1588 l.
748 1568 777 1589 e.
831 1555 1076 1591 Gottselcelc.
1106 1557 1199 1602 Hep.
1225 1557 1318 1590 ined.

478 1617 744 1658 Jungermannia
772 1627 957 1648 nemorosa
984 1615 1100 1650 Hook.
1117 1615 1218 1650 Brit.
1235 1615 1420 1660 Junyerm.
1445 1620 1472 1650 t.
1499 1615 1610 1660 2l.f.
1631 1618 1643 1649 l
1661 1617 1724 1648 -4.

536 1673 708 1708 Lindenb.
746 1674 839 1720 Hep.
877 1674 970 1708 Ειιν.
999 1686 1039 1720 p.
1071 1677 1131 1709 51.
1165 1686 1200 1709 n.
1226 1677 1286 1710 48.
1338 1674 1518 1708 Emit-eat.
1545 1673 1667 1716 Mouy.
1693 1676 1727 1706 et

536 1732 651 1766 Nestl.
686 1732 802 1779 Stin-p.
834 1733 1072 1777 V09.-then.
1113 1735 1143 1769 Ι.
1176 1746 1211 1767 η.
1237 1737 1297 1768 51.
1351 1733 1496 1768 Hiiben.
1530 1738 1564 1767 et
1597 1730 1725 1766 Gentlae.

536 1791 630 1837 Hep.
659 1792 779 1826 Germ.
808 1793 838 1826 Ι.
866 1805 900 1826 n.
931 1795 984 1827 19.
1037 1793 1178 1839 Hampe
1206 1793 1340 1838 Hepat.
1365 1805 1399 1826 n.
1419 1795 1454 1827 7.
1507 1791 1564 1825 De
1580 1788 1726 1833 Notaris

537 1851 655 1884 Prim.
685 1852 778 1896 Hep.
806 1851 882 1885 ital.
904 1864 943 1897 p.
975 1854 1030 1887 19.
1057 1853 1175 1886 n.‘l9.

280 1913 310 1950 ⁸⁵,
335 1912 570 1956 yemmilmra,
609 1910 725 1946 Hook.
753 1917 777 1944 t.
804 1910 887 1955 af.
914 1913 949 1945 7.

279 1968 310 2009 β,
331 1981 612 2015 purpura-scens,
647 1972 737 2003 soliis
775 1971 909 2014 (saltem
935 1969 1184 2014 superioribus)
1221 1969 1545 2014 purpurasceutibus
1579 1968 1633 1999 vel
1667 1978 1723 1998 sa-

344 2038 450 2060 turate
477 2030 657 2072 purpureis
686 2029 1050 2069 denticulato—ciliatis,
1077 2030 1157 2061 lobo
1174 2029 1313 2061 ventrali
1329 2029 1440 2060 latiori
1457 2027 1596 2069 oblique
1612 2020 1723 2057 o'vato.

476 2086 590 2120 Hook.
617 2092 643 2120 t.
670 2087 753 2132 ⁶¹·f·
786 2090 840 2122 16.
893 2086 1068 2121 Lindenb.
1093 2086 1116 2120 l.
1143 2099 1171 2121 c.
1226 2087 1273 2120 N.
1294 2086 1336 2120 ab
1356 2086 1402 2120 Ε.
1429 2085 1452 2121 l.
1477 2099 1507 2120 c.
1560 2084 1723 2120 Gottsche

533 2145 586 2180 Ic.
614 2146 708 2192 Hep.
735 2147 826 2181 ined.
879 2145 1023 2180 Hic'ben.
1054 2145 1186 2192 Hepat.
1213 2146 1331 2180 Gerw'z.
1360 2145 1407 2179 V.
1435 2157 1469 2179 η.
1499 2148 1577 2179 111.

277 2214 311 2243 Ὺ,
338 2203 659 2246 Sdnoeinitziana,
704 2206 859 2247 humilis,
896 2206 1128 2245 decumbens,
1160 2206 1283 2249 pallida
1319 2207 1370 2237 vel
1401 2207 1591 2246 luoesceus,
1632 2206 1721 2237 soliis

339 2272 375 2296 ut
402 2265 434 2295 in
461 2271 483 2291 a
513 2266 685 2307 eleganter
713 2265 843 2305 cuiatis,
869 2264 1060 2309 perianthio
1087 2274 1226 2307 anguste
1255 2265 1377 2296 couico
1403 2265 1489 2296 laevi
1516 2275 1575 2295 ore
1591 2264 1696 2295 nudo.

471 2323 740 2366 Jungermaunia
775 2333 959 2354 nemorosa
994 2334 1062 2354 var.
1101 2325 1248 2363 „almost
1283 2323 1384 2356 white
1418 2323 1484 2355 and
1520 2325 1587 2355 still
1619 2334 1719 2354 more

530 2383 657 2421 elliam,
706 2381 789 2415 with
833 2382 949 2425 nearly
997 2383 1113 2413 sessile
1154 2383 1446 2415 fructificationsfl
1506 2381 1719 2416 Schweinitz

529 2440 623 2486 Hep.
651 2440 736 2475 Am.
762 2445 928 2486 septentr.
949 2453 988 2485 11·
1021 2442 1075 2475 17.

290 2495 449 2531 Habitat
481 2498 518 2532 in
553 2498 669 2542 sylvis
703 2498 787 2534 udis
822 2499 1006 2534 umbrosis
1042 2499 1157 2534 totius
1183 2499 1356 2542 Europae
1391 2499 1457 2533 sed
1491 2498 1529 2532 in
1556 2496 1717 2532 Scandi-

192 2552 307 2588 navia
333 2555 461 2597 rarior,
488 2555 598 2590 etiam
625 2557 663 2591 in
692 2557 866 2592 America
891 2557 1033 2592 boreali
1059 2562 1095 2592 et
1121 2558 1158 2592 in
1185 2558 1284 2592 Java
1309 2557 1445 2592 insula.

288 2613 379 2648 var.
406 2625 432 2653 γ
456 2625 572 2658 prope
599 2616 793 2651 Ebenezar
819 2616 1014 2652 Americae
1040 2615 1344 2661 septentrionalis
1368 2615 1547 2662 (Beyrich
1573 2613 1610 2647 in
1639 2613 1713 2647 Hb.

193 2671 242 2705 H.
270 2683 302 2706 c.
329 2671 402 2716 fn).

495 2734 550 2767 ll.
602 2732 872 2777 §capania
892 2735 1192 2781 planszjt'olia
1227 2734 1275 2770 N.
1302 2735 1349 2769 ab
1379 2735 1420 2769 E.

286 2790 344 2824 Se.
372 2789 478 2835 foliis
509 2789 688 2834 (laborum
722 2793 951 2827 disiunctione
986 2795 1177 2840 completa)
1219 2793 1483 2840 quadrifariam
1521 2792 1714 2827 imbricatis

187 2849 296 2883 ovatis
320 2849 546 2884 acutiusculis
570 2849 864 2886 cibato-dentatis
886 2852 1002 2897 planis
1027 2853 1271 2898 conformibus,
1305 2852 1497 2888 dorsalibus
1521 2852 1713 2888 arctissime

187 2913 386 2943 antrorsmn
411 2908 683 2946 incumbentibus
707 2910 810 2956 duplo
836 2911 1038 2955 minoribus,
1053 2912 1186 2957 fructu
1214 2938 1221 2945 .
1251 2938 1257 2945 .
1288 2937 1294 2946 .
