1824 3252
171 198 243 229 544
810 190 1060 225 Dumortiera.

365 308 587 340 Durnortiera
615 305 742 337 hirsuta
778 304 827 339 N.
853 303 897 338 ab
923 304 969 338 E.
997 304 1089 350 Hep.
1116 303 1208 338 Eur.
1238 302 1307 338 IV.
1342 316 1379 349 p.
1409 303 1532 338 LXV.
1560 309 1591 336 et
1623 306 1699 338 163.

450 365 601 404 Reium„
631 362 694 397 ΒΖ.
722 369 753 396 et
781 363 830 398 N.
855 363 899 397 ab
926 363 972 398 E.
1000 363 1091 408 Hep.
1117 363 1200 397 Jav.
1227 364 1264 397 in
1291 363 1380 397 Νου.
1409 363 1493 397 Act.
1523 364 1587 398 Ae.
1613 363 1699 396 Nat.

450 422 537 457 Cur.
574 421 671 456 XII.
705 424 740 455 2.
771 434 808 467 p.
843 424 927 457 410.
980 422 1029 456 N.
1055 421 1097 455 ab
1125 421 1172 456 E.
1211 422 1303 467 Hel).
1343 421 1423 456 Jav.
1452 435 1492 468 p.
1520 425 1556 458 4.
1608 422 1699 466 Hep.

448 482 558 516 Bras.
585 482 621 515 in
649 481 765 516 stlat-t.
793 480 855 514 Fl.
882 481 991 515 Bras.
1020 481 1050 515 Ι.
1072 492 1110 526 p.
1136 482 1223 514 306.

363 553 574 586 Marchautia
602 553 728 585 hirsuta
756 552 911 586 Swartz.
931 551 1061 585 Proclr.
1089 550 1152 585 Fl.
1169 550 1250 584 Iml.
1270 562 1336 584 occ.
1358 562 1393 595 p.
1414 553 1490 584 145.
1542 550 1602 584 Fl.
1619 550 1701 585 Iml.

448 624 516 647 occ.
544 612 618 646 ΙΙΙ.
640 624 680 657 p.
715 614 815 645 1897.
867 610 1018 651 Reinw„
1055 609 1119 645 ΒΖ.
1143 616 1175 643 et
1203 610 1251 643 N.
1277 609 1320 642 ab
1348 609 1396 644 E.
1435 609 1528 655 Hel).
1554 609 1638 643 Jav.
1665 611 1703 643 in

452 671 540 706 Nov.
569 671 651 705 Act.
681 670 749 705 Ae.
778 670 865 704 Ναί.
896 669 981 703 Cur.
1009 669 1106 703 XII.
1138 672 1167 703 l.
1197 681 1235 714 p.
1266 672 1346 703 195.
1373 682 1407 702 η.
1434 673 1468 704 5.
1521 670 1644 704 Raddi
1668 670 1703 702 in

452 731 560 764 Illem.
587 731 619 764 d.
645 742 709 764 soc.
739 729 826 763 Ital.
845 731 881 763 di
898 730 996 763 Mod.
1024 728 1143 763 XIX.
1163 741 1204 775 p.
1220 732 1278 763 45.
1298 732 1404 762 meo.
1433 727 1700 774 XX.t.6‚f.5.

269 815 427 849 Formae
454 814 579 849 variae
607 813 863 856 inveniuntur,
889 823 986 858 quae
1013 811 1262 856 receptaculis
1288 811 1372 856 plus
1399 811 1569 846 minusve
1597 815 1700 845 setu-

173 875 261 910 losis
288 878 325 909 et
352 874 482 909 fronde
499 885 586 908 mox
609 874 740 916 latiore
762 884 849 907 mox
880 872 1109 915 augustiore,
1136 882 1223 904 mox
1251 870 1429 905 continua
1455 881 1540 905 mox
1569 870 1703 905 iterum

172 935 477 970 innovationibus
518 933 659 968 crebris
701 937 739 967 et
776 932 1011 967 brevioribus
1050 930 1305 972 mustilobata,
1352 929 1513 974 denique
1562 930 1703 964 frondis

175 995 372 1029 teneritate
399 994 571 1029 diversae
598 993 784 1027 videntur.

252 1079 287 1107 α,
314 1066 438 1107 latior,
474 1066 597 1098 fronde
633 1067 729 1108 apice
764 1065 900 1097 dilatata
934 1069 1022 1096 4-6
1060 1064 1119 1094 lin.
1151 1063 1235 1101 lata,
1270 1062 1492 1102 dichotoma,
1529 1065 1704 1101 continua,

318 1127 536 1170 receptaculo
563 1127 728 1158 setuloso.

255 1199 288 1238 (3,
316 1198 508 1242 αηφιεῑίοι·,
543 1195 667 1229 fronde
696 1202 713 1228 3
740 1196 798 1226 liu.
821 1195 897 1234 lata,
924 1193 1202 1226 innovationibus
1229 1192 1461 1232 multilobata,
1490 1195 1704 1237 receptaculo

317 1269 421 1300 parvo
450 1256 547 1287 valde
574 1257 738 1288 sctuloso.

295 1330 360 1368 β’,
388 1327 638 1372 depauperata,
681 1324 804 1357 fronde
842 1332 859 1356 1
889 1342 907 1349 ο
935 1329 953 1354 2
987 1324 1046 1354 lin.
1077 1324 1160 1362 lata,
1205 1323 1431 1365 receptaculis
1480 1322 1706 1367 ‹li—tricarpis

391 1388 523 1431 pusillis
553 1385 658 1416 barba
687 1384 843 1416 obsoleta
872 1381 1001 1424 (forsan
1028 1382 1166 1425 propria
1194 1380 1353 1424 species).

255 1470 290 1499 γ,
318 1457 534 1497 intermedia,
562 1455 685 1488 froude
713 1455 909 1497 angustiore
937 1452 998 1484 sed
1026 1453 1199 1492 contiuua,
1224 1453 1448 1495 receptaculis
1475 1454 1587 1485 minus
1612 1463 1707 1486 selu*

320 1519 413 1549 losis.
461 1515 533 1559 (Ad
560 1513 825 1547 Dumortieram
852 1510 1078 1558 Nepalensem
1104 1510 1294 1554 accedens.)

277 1598 437 1634 Habitat
476 1596 567 1631 locis
610 1595 798 1630 umbrosis
844 1595 994 1630 saxosis
1033 1593 1213 1629 montium
1263 1593 1460 1628 Jamaicae
1509 1594 1574 1628 sed
1624 1604 1709 1629 rara

178 1660 361 1703 (Swartz‚
391 1658 468 1692 Hb.
496 1656 651 1699 Web.)‚
685 1655 797 1699 inque
824 1655 1050 1689 Antillarurn
1078 1653 1212 1688 insulis
1239 1653 1294 1687 St.
1323 1652 1532 1696 Domingo,
1570 1653 1705 1687 Marti-

177 1718 262 1753 nica
288 1718 382 1761 (Hb.
411 1716 544 1759 vahl),
575 1715 631 1749 St.
655 1714 844 1749 Vincentii
872 1714 967 1757 (Hb.
995 1714 1110 1758 Hk.),
1144 1713 1180 1747 in
1210 1712 1409 1747 Columbia
1437 1712 1538 1757 apud
1566 1712 1705 1746 Cuma-

177 1783 290 1812 natoa
316 1777 482 1821 (Moritz,
512 1775 588 1809 Hb.
608 1775 732 1809 Berol.
760 1786 796 1808 u.
823 1777 872 1809 46
894 1775 940 1819 c.)
969 1778 1006 1808 et
1031 1773 1068 1807 in
1086 1772 1239 1807 Mexico
1265 1772 1394 1816 (Alex.
1414 1772 1460 1806 de
1481 1771 1708 1814 Humboldt)

177 1839 331 1872 inventa
359 1842 426 1871 est.
480 1835 616 1870 Forma
642 1846 664 1866 οι
693 1834 799 1868 latior
825 1833 917 1868 locis
943 1833 1028 1869 udis
1056 1832 1242 1876 argillosis
1264 1832 1407 1866 Javae:
1433 1831 1531 1877 apud
1549 1831 1705 1865 Buiten-

177 1908 265 1940 zorg
301 1901 339 1931 et
370 1897 407 1930 in
444 1895 558 1928 Prov.
598 1894 757 1927 Bantam
794 1893 959 1936 (Reinw.
987 1899 1025 1928 et
1053 1893 1187 1927 Blume
1222 1891 1259 1925 in
1294 1891 1371 1926 Hb.
1408 1890 1494 1934 Ν.),
1539 1889 1577 1923 in
1614 1892 1710 1922 terra

177 1955 330 1989 humida
359 1955 406 1988 ad
432 1953 618 1997 margines
646 1952 757 1987 fontis
782 1953 988 1995 Ungarang
1013 1952 1150 1996 [Aprili
1176 1951 1386 1993 fructifera]
1413 1954 1450 1984 et
1475 1949 1511 1982 in
1539 1946 1709 1982 faucibus

181 2015 291 2049 rivuli
320 2012 593 2054 Kuli-Kuning
617 2011 714 2044 inter
735 2011 897 2053 Andong
915 2016 951 2044 et
970 2011 1117 2050 Ranka,
1145 2010 1295 2053 Merapi
1317 2008 1452 2043 montis
1479 2005 1710 2054 [Septembri

179 2075 277 2109 raris
311 2068 515 2117 fructibus]
554 2069 728 2114 provenit
761 2069 981 2112 (Junghuhn
1018 2070 1055 2102 in
1086 2070 1160 2104 Hb.
1191 2070 1276 2114 N.);
1315 2069 1352 2102 in
1382 2068 1513 2102 Insula
1541 2065 1709 2100 Mauritii

178 2134 366 2179 (Sieber);
407 2131 508 2177 apud
536 2131 706 2165 Caracas
739 2128 907 2173 (Moritz.
937 2128 1014 2162 Hb.
1044 2128 1169 2162 Berol.
1206 2139 1241 2162 n.
1270 2130 1317 2161 46
1344 2127 1424 2171 b.);
1457 2126 1495 2160 in
1521 2124 1710 2159 montibus

181 2193 370 2228 umbrosis
399 2189 588 2226 Brasiliae
623 2188 670 2223 ad
707 2192 843 2222 terram
882 2187 994 2222 Prov.
1027 2187 1216 2221 Minarum
1254 2186 1495 2221 Generalium
1533 2183 1712 2228 (Martius

179 2254 217 2289 in
246 2253 436 2300 Hb„N.);
495 2248 595 2294 apud
635 2248 836 2282 Chinantla
872 2246 1163 2281 Mexicanorum
1199 2246 1439 2291 (Liebman.).
1489 2244 1663 2279 Formam
1689 2245 1710 2281 β

180 2313 411 2358 angustiorem
451 2314 489 2344 et
533 2309 591 2349 β*
628 2309 894 2354 depauperatam
932 2307 969 2340 in
1011 2307 1118 2341 terris
1157 2305 1370 2341 Mexicanis
1411 2304 1511 2348 apud
1544 2303 1712 2338 Mirador

182 2372 344 2421 [Martio
371 2375 407 2405 et
422 2368 542 2413 Aprili
569 2367 762 2402 mensibus
788 2364 1034 2412 fructiferam]
1070 2367 1116 2400 cl.
1145 2366 1326 2400 Liebman
1362 2369 1399 2399 et
1423 2365 1460 2399 in
1479 2363 1641 2398 Peruvia
1664 2364 1709 2397 cl.

184 2431 337 2477 Poppig
362 2429 515 2474 (Kunze
541 2427 579 2462 in
608 2427 684 2461 Hb.
711 2427 774 2471 L.)
808 2427 888 2461 solo
923 2427 1094 2460 calcareo
1128 2425 1391 2460 antheriferam
1425 2423 1527 2466 legit.
1577 2423 1711 2456 Forma

181 2491 404 2527 intermedia
429 2498 466 2530 Ψ,
493 2488 531 2522 in
562 2486 726 2521 Brasilia
752 2497 775 2520 a
802 2485 962 2531 Beyrich
988 2486 1085 2529 (Hb.
1112 2485 1192 2531 L.)‚
1225 2485 1263 2519 in
1292 2479 1551 2518 Promontorio
1578 2481 1710 2515 Bonae

182 2550 273 2595 Spei
302 2561 323 2584 a
349 2548 496 2583 Krauss
522 2547 618 2592 (Hb.
645 2546 731 2591 Lg.)
766 2550 803 2581 et
818 2546 945 2590 Drege
971 2545 1067 2590 (Hb.
1095 2545 1168 2589 L.),
1200 2548 1237 2578 ct
1262 2543 1358 2577 inter
1383 2546 1518 2576 terram
1547 2540 1707 2575 Outeni—

182 2620 344 2655 quanam
372 2613 409 2643 et
435 2606 670 2651 Langekloof
698 2605 736 2639 in
773 2605 877 2649 sylva
911 2616 1029 2650 prope
1057 2604 1279 2639 Rodemuus
1314 2601 1360 2636 ad
1394 2600 1554 2635 rivulum
1580 2598 1707 2633 altitu-

182 2670 268 2703 dine
300 2671 390 2703 1600
414 2668 498 2712 ped⁴
529 2667 682 2711 (Kunze
709 2665 747 2699 in
776 2665 853 2699 Hb.
881 2666 943 2710 L.)
968 2665 1065 2699 lecta
1092 2668 1158 2698 est.

280 2751 388 2786 Obs.
442 2751 599 2793 Planta,
637 2759 750 2794 quam
779 2747 1067 2783 Schweinitzius
1103 2746 1140 2780 in
1173 2742 1403 2778 cavitatibus
1435 2739 1628 2776 schistosis
1663 2739 1708 2773 ad

183 2811 322 2846 rivulos
361 2811 461 2855 apud
504 2809 616 2844 Littlc
658 2808 814 2844 Yakkin
859 2808 896 2842 in
936 2806 1111 2841 America
1152 2802 1433 2847 septentrionali
1485 2799 1709 2848 [Novembri

184 2881 312 2905 mense
341 2866 588 2915 fructiferam]
615 2868 725 2912 legit,
763 2866 873 2901 nobis
898 2877 971 2901 non
1003 2865 1081 2901 visa
1107 2868 1185 2906 est,
1226 2862 1323 2897 unde
1356 2873 1402 2896 an
1429 2872 1514 2897 vere
1542 2859 1586 2894 ad
1615 2859 1709 2892 hanc

185 2928 345 2972 speciem
373 2929 568 2963 referenda
596 2927 655 2970 sit,
682 2927 882 2962 nescimus
