1824 3252
622 171 838 207 Gottschea.
890 170 1135 215 Plagiochila.
1571 174 1643 206 625

120 292 242 323 aetate
267 287 305 322 in
332 287 401 322 hoe
426 285 556 321 ordine
583 289 670 320 sunt
695 285 898 330 proposita.
949 283 1145 319 Accedunt
1170 281 1378 329 scammis,
1416 284 1481 318 sed
1508 284 1644 319 distin-

117 351 284 392 guuntur
323 345 623 391 amphigastriis,
663 355 759 390 quae
797 345 899 379 hisce
937 344 1085 378 desunt.
1145 342 1179 376 A
1219 341 1401 376 Gottschea
1436 342 1649 389 cliploplzylla

118 406 272 448 recedit,
301 406 472 440 soliorum
500 405 596 440 lobis
622 405 698 440 fere
728 415 847 449 usque
875 403 922 438 ad
951 403 1057 437 basin
1086 400 1281 445 discretis,
1321 402 1493 446 apicibus
1519 414 1648 438 eorum

117 465 379 510 emarginatis,
413 465 508 499 ciliis
542 464 722 508 marginis
757 463 927 508 pluribus
961 467 998 496 et
1031 460 1261 505 longioribus
1298 460 1649 506 amphigastriisque

117 526 237 570 magis
264 525 475 560 rotundatis
501 523 798 569 profundiusque
825 521 959 557 bifidis.
1012 521 1166 565 (Taylor
1192 521 1215 556 l.
1244 521 1292 563 c.)

117 619 154 653 p.
180 611 241 643 22.
492 609 547 641 17.
601 606 882 642 &ott-schem
901 604 1282 650 pae‘nnatifolia.

118 667 215 702 adde
241 677 343 711 syn.:
379 667 648 709 Jungermannia
677 668 826 708 ciliigera
864 664 966 711 Tayl.
995 664 1087 710 Hep.
1121 670 1272 697 amaret.
1308 664 1346 697 in
1382 663 1495 698 Lond.
1520 663 1648 698 Journ.

309 724 353 770 qf
373 724 438 758 bot.
480 726 583 759 1844.
612 736 651 770 p.
677 727 760 758 370.
792 737 827 759 n.
855 727 888 758 8.
938 723 1054 757 Hook.
1083 723 1206 769 Crypt.
1232 730 1382 759 amaret.
1420 731 1445 758 t.
1471 724 1585 769 63.f.
1617 728 1647 759 1.

310 783 433 818 Raoul
456 783 571 818 Flora
597 784 715 818 Novae
741 783 965 819 Zeelamlme.
989 796 1025 830 p.
1052 786 1110 817 35.

118 844 273 880 Patriae
300 844 439 879 addas:
466 844 619 878 Insulae
646 844 872 878 Aucklandii
899 843 994 877 inter
1022 853 1168 877 muscos
1205 843 1378 886 (Hooker
1399 843 1518 887 Jun.).

116 951 153 985 p-
181 942 240 975 22.
665 936 1096 996 Plagiochila.

116 1022 175 1056 Ad
201 1021 343 1056 calcem
371 1018 598 1054 characteris
624 1018 770 1063 generis
798 1018 936 1053 addas:

213 1081 324 1122 Quod
363 1080 410 1115 ad
447 1079 751 1113 distributionem
787 1077 1076 1121 geographicam
1112 1076 1325 1121 specierum
1362 1076 1514 1118 attinet,
1555 1078 1649 1111 haec

116 1141 301 1175 habemus
328 1151 424 1184 quae
453 1139 691 1173 adiiciamus.
743 1138 850 1172 Conf.
877 1137 1062 1171 Lindenb.
1090 1136 1200 1179 spec.
1226 1136 1325 1179 Hep.
1355 1136 1383 1169 Ι,
1410 1147 1446 1180 p.
1474 1136 1548 1170 XI.
1567 1147 1647 1182 sqq.

215 1200 368 1245 Species
395 1200 469 1233 iam
496 1199 670 1242 cognitae
699 1201 807 1239 sunt,
847 1195 986 1229 additis
1024 1205 1120 1239 quae
1154 1195 1191 1228 in
1226 1195 1486 1238 supplemento
1523 1201 1649 1230 nostro

117 1260 438 1293 enumerabuntur
475 1258 653 1303 (quarum
688 1255 891 1290 nonnullae
926 1254 1040 1289 dubio
1077 1254 1198 1288 adhuc
1225 1254 1415 1300 laborant)
1455 1258 1522 1289 100
1544 1261 1577 1293 -Ι-
1603 1260 1648 1291 89

116 1319 140 1352 i.
170 1330 201 1353 e.
233 1322 313 1354 189.

215 1378 399 1412 Crescunt
433 1388 482 1411 ex
508 1377 565 1410 his
598 1376 636 1410 in
665 1376 816 1419 Europa
843 1378 865 1409 6
906 1374 1082 1419 (quarum
1108 1383 1186 1407 una
1213 1372 1275 1406 Pl.
1300 1374 1422 1418 exiyua
1448 1375 1649 1420 dubiosa);

115 1436 153 1471 in
189 1436 283 1471 Asia
316 1440 364 1471 32
401 1436 442 1481 (i.
471 1447 502 1471 e.
541 1436 578 1470 in
608 1436 815 1469 Peninsula
843 1435 928 1468 Ind.
956 1433 1087 1468 orient.
1123 1437 1166 1476 7,
1202 1433 1239 1467 in
1278 1433 1409 1467 Insula
1437 1434 1578 1477 Zeylon
1612 1439 1651 1476 2,

115 1497 154 1532 in
182 1497 282 1532 Java
313 1500 367 1537 19,
397 1496 433 1529 in
452 1495 591 1529 Insulis
609 1495 835 1539 Philippinis
857 1498 888 1535 l,
913 1494 949 1527 iu
967 1494 1105 1527 Insulis
1122 1492 1305 1527 Marianis
1322 1495 1382 1537 l);
1408 1492 1446 1527 in
1462 1494 1589 1528 Africa
1607 1498 1651 1528 12

117 1557 157 1599 (i.
186 1569 218 1591 e.
246 1557 282 1590 iu
312 1556 461 1590 Guinea
487 1558 522 1597 2,
549 1555 586 1588 in
616 1554 877 1588 Promontorio
906 1554 1036 1587 Bonae
1064 1553 1155 1597 Spei
1183 1556 1217 1594 2,
1250 1552 1287 1585 in
1316 1552 1454 1587 Insulis
1484 1554 1653 1589 Mauritii

119 1621 155 1649 et
184 1615 362 1649 Bourbon
388 1619 423 1657 5,
449 1615 486 1648 in
513 1615 718 1659 Abyssinia
747 1618 778 1656 l,
806 1614 844 1647 iu
873 1613 1002 1647 Nubia
1031 1616 1088 1657 l);
1115 1613 1153 1646 in
1170 1612 1342 1646 Amerina
1365 1614 1651 1656 septentrionali

119 1678 267 1717 praeter
303 1675 396 1708 alias
432 1674 574 1718 aliquot
608 1673 690 1707 aliis
728 1673 837 1707 terris
872 1683 1087 1706 communes
1122 1675 1164 1714 43
1199 1672 1237 1705 in
1266 1672 1438 1706 Amerina
1472 1675 1651 1710 calidiore

119 1738 155 1767 et
183 1738 393 1778 temperata
418 1737 465 1768 85
491 1735 676 1778 (quarum
710 1736 758 1767 26
791 1734 827 1766 in
864 1733 995 1766 Indiae
1023 1731 1266 1766 occidentalis
1292 1731 1425 1766 insulis
1459 1734 1652 1778 dispersae

119 1798 220 1836 sunt,
248 1797 286 1828 in
315 1805 428 1838 regno
446 1794 660 1835 Mexicano‚
689 1793 854 1826 Peruvia
881 1797 917 1826 et
942 1793 979 1826 in
1008 1792 1206 1825 Columbia
1232 1794 1279 1825 38
1305 1799 1517 1834 occurrunt,
1537 1806 1648 1839 quae,

119 1853 173 1885 uti
211 1853 378 1898 reliquae
412 1854 517 1888 vario
545 1854 654 1888 modo
693 1857 730 1887 et
762 1854 798 1886 in
836 1853 919 1886 aliis
952 1852 1149 1886 Amerioae
1176 1851 1343 1895 tropicae
1368 1853 1538 1896 partibus
1565 1866 1648 1889 cre-

118 1914 275 1957 scunt);
308 1913 347 1947 in
378 1914 574 1947 Americae
603 1913 710 1947 terris
737 1911 899 1946 maxime
936 1912 982 1945 ad
1010 1912 1136 1955 polum
1166 1911 1369 1944 australem
1394 1914 1650 1956 vergentibus,

117 1972 198 2006 scil.
226 1973 273 2006 ad
300 1972 434 2007 fretum
451 1972 758 2015 Magellauicum,
786 1973 822 2006 in
845 1971 1106 2012 Staateuland,
1135 1971 1215 2014 Cap
1244 1970 1363 2011 Horn,
1392 1971 1648 2014 Kerguelens-

116 2032 205 2066 land
239 2036 262 2067 9
289 2026 434 2076 species
469 2032 644 2067 inventae
679 2037 764 2066 sunt
799 2031 1145 2075 (Magellaensland
1179 2034 1224 2071 3,
1262 2030 1587 2074 Kerguelensland
1613 2037 1649 2075 2,

118 2092 199 2136 Cap
229 2093 334 2126 Horn
360 2092 424 2135 4);
462 2092 499 2125 in
528 2092 639 2125 Nova
669 2092 874 2126 Zeelandia
905 2095 971 2132 12;
998 2091 1035 2124 in
1066 2091 1175 2124 Nova
1203 2090 1412 2124 Hollandia
1439 2094 1481 2131 8;
1515 2091 1553 2124 in
1580 2092 1646 2126 Iu-

119 2151 210 2185 sulis
239 2150 538 2192 Aueklandi153
571 2152 608 2185 in
645 2152 783 2185 Insulis
820 2151 977 2185 Norfolk
1014 2153 1053 2190 13
1100 2150 1138 2183 in
1173 2149 1315 2182 Insulis
1349 2149 1573 2193 Campbellii
1610 2154 1648 2193 1;

118 2210 155 2243 in
183 2210 324 2244 Insulis
352 2210 536 2244 Falklaud
566 2214 608 2252 13
634 2212 670 2245 in
695 2211 825 2245 Insula
853 2211 891 2245 S.
920 2210 1091 2244 Helenae
1122 2212 1160 2250 13
1185 2209 1222 2241 in
1251 2208 1379 2242 Insula
1408 2208 1553 2242 Owaihi
1572 2213 1602 2242 1.

118 2303 154 2336 p.
182 2296 241 2327 24.
439 2295 454 2326 1
476 2293 512 2327 b.
564 2295 908 2339 Plagioehila
933 2294 1165 2337 cognata
1189 2290 1337 2334 Taylor.

216 2351 280 2387 Pl.
315 2351 411 2386 caule
445 2354 627 2398 caespitoso
661 2359 771 2387 erecto
796 2351 1025 2397 szcbsimpllci,
1048 2350 1155 2396 foliis
1193 2350 1267 2383 laxe
1298 2349 1491 2384 imbricatis
1523 2359 1649 2386 erecto-

111 2412 316 2458 patentibus
350 2412 416 2446 late
450 2414 558 2446 ovatis
592 2412 646 2446 vel
677 2411 1016 2459 elliptico-olllonyis
1039 2410 1288 2444 acuminulatis
1307 2410 1569 2455 pauciclentaet's
1594 2412 1651 2444 (le-

119 2471 336 2506 currentibus
372 2471 446 2506 basi
478 2474 690 2514 attenuatis,
727 2473 885 2516 maryine
924 2471 1099 2505 macer-iore
1136 2472 1192 2504 via·
1232 2481 1394 2511 ‘recum-0,
1435 2471 1651 2516 periamlzie's

119 2531 361 2566 terminalibus
406 2531 579 2566 involucro
630 2531 890 2578 subaequalibus
934 2531 1091 2575 cmcyustis
1141 2528 1293 2574 oblonyis
1327 2540 1460 2574 parum
1498 2530 1649 2563 curvatis

120 2589 305 2632 bilabiatis,
334 2591 434 2626 labiis
458 2592 664 2625 aemulantis*
689 2591 1005 2625 ciliaco-dentatis.

311 2654 582 2694 Jungermannia
611 2661 751 2694 cognata
790 2651 924 2697 Taylot·
951 2650 1044 2696 Hep.
1072 2655 1221 2683 amaret.
1255 2650 1292 2682 in
1323 2648 1434 2681 Lond.
1459 2648 1586 2682 Jouru.
1613 2649 1658 2694 qf'

396 2699 791 2791 zot.l4lb't44532J.fss}·2.
825 2711 859 2733 π.
892 2701 946 2733 12.
1000 2698 1141 2731 Hoolcer
1178 2697 1298 2743 Crypt.
1333 2703 1483 2733 amaret.
1514 2709 1554 2743 p.
1592 2701 1651 2732 36.

217 2804 379 2839 Habitat
405 2805 441 2839 in
469 2806 607 2840 Insulis
635 2807 833 2842 Auckland
860 2807 898 2841 in
928 2807 1030 2841 saxis
1059 2805 1193 2850 alpinis
1218 2804 1303 2847 (Dr.
1334 2804 1487 2838 Hooker
1509 2806 1625 2849 jun).

217 2863 262 2897 In
289 2864 375 2897 latis
402 2865 644 2908 caespitibus,
689 2868 887 2901 nonnullos
914 2866 1066 2910 pollices
1094 2865 1275 2898 diametro
1302 2864 1555 2906 metientibus,
1584 2874 1647 2897 su-

123 2930 234 2963 perne
276 2922 405 2967 gilvis,
444 2925 586 2959 iuserne
622 2930 788 2961 saturate
822 2926 936 2961 fuscis
976 2925 1120 2959 crescit.
1180 2923 1305 2957 caules
1341 2923 1405 2957 vix
1439 2923 1648 2967 pollicares,

1253 3008 1307 3036 40
