<?xml version="1.0" encoding="UTF-8"?>
<!DOCTYPE html PUBLIC "-//W3C//DTD XHTML 1.0 Transitional//EN"
    "http://www.w3.org/TR/xhtml1/DTD/xhtml1-transitional.dtd">
<html xmlns="http://www.w3.org/1999/xhtml" xml:lang="en" lang="en">
 <head>
  <title>
</title>
<meta http-equiv="Content-Type" content="text/html;charset=utf-8" />
  <meta name='ocr-system' content='tesseract 3.04.00' />
  <meta name='ocr-capabilities' content='ocr_page ocr_carea ocr_par ocr_line ocrx_word'/>
</head>
<body>
  <div class='ocr_page' id='page_1' title='image "./synopsishepatica00gott_0426.png"; bbox 0 0 1824 3252; ppageno 0'>
   <div class='ocr_carea' id='block_1_1' title="bbox 105 177 967 222">
    <p class='ocr_par' dir='ltr' id='par_1_1' title="bbox 105 177 967 222">
     <span class='ocr_line' id='line_1_1' title="bbox 105 177 967 222; baseline -0.005 -7"><span class='ocrx_word' id='word_1_1' title='bbox 105 183 179 215; x_wconf 77' lang='lat'>392</span> <span class='ocrx_word' id='word_1_2' title='bbox 771 177 967 222; x_wconf 85' lang='lat' dir='ltr'>Lejeunia.</span> 
     </span>
    </p>
   </div>
   <div class='ocr_carea' id='block_1_2' title="bbox 104 288 1628 867">
    <p class='ocr_par' dir='ltr' id='par_1_2' title="bbox 104 288 1628 867">
     <span class='ocr_line' id='line_1_2' title="bbox 104 288 1626 338; baseline 0.001 -12"><span class='ocrx_word' id='word_1_3' title='bbox 104 292 278 327; x_wconf 84' lang='lat' dir='ltr'>obovatove</span> <span class='ocrx_word' id='word_1_4' title='bbox 310 292 606 338; x_wconf 81' lang='lat' dir='ltr'>compressiusculo</span> <span class='ocrx_word' id='word_1_5' title='bbox 644 288 943 336; x_wconf 73' lang='lat' dir='ltr'>quinquanyulari</span> <span class='ocrx_word' id='word_1_6' title='bbox 982 291 1079 325; x_wconf 86' lang='lat' dir='ltr'>dorso</span> <span class='ocrx_word' id='word_1_7' title='bbox 1119 292 1226 333; x_wconf 83' lang='lat' dir='ltr'>wzi-‚</span> <span class='ocrx_word' id='word_1_8' title='bbox 1267 299 1386 326; x_wconf 76' lang='lat' dir='ltr'>ventre</span> <span class='ocrx_word' id='word_1_9' title='bbox 1424 291 1626 328; x_wconf 80' lang='lat' dir='ltr'>bicarinato.</span> 
     </span>
     <span class='ocr_line' id='line_1_3' title="bbox 107 351 736 398; baseline -0.003 -12"><span class='ocrx_word' id='word_1_10' title='bbox 107 351 266 386; x_wconf 76' lang='lat' dir='ltr'>Gottsche</span> <span class='ocrx_word' id='word_1_11' title='bbox 290 352 385 386; x_wconf 82' lang='lat' dir='ltr'>Icon.</span> <span class='ocrx_word' id='word_1_12' title='bbox 412 352 554 398; x_wconf 66' lang='lat' dir='ltr'>Lejeun.</span> <span class='ocrx_word' id='word_1_13' title='bbox 582 351 612 386; x_wconf 87' lang='grc' dir='ltr'><strong>Ι.</strong></span> <span class='ocrx_word' id='word_1_14' title='bbox 639 354 674 385; x_wconf 89' lang='grc'>7.</span> <span class='ocrx_word' id='word_1_15' title='bbox 702 352 736 384; x_wconf 88' lang='grc'>8.</span> 
     </span>
     <span class='ocr_line' id='line_1_4' title="bbox 175 412 358 453; baseline 0 -9"><span class='ocrx_word' id='word_1_16' title='bbox 175 424 211 453; x_wconf 83' lang='lat' dir='ltr'>oe,</span> <span class='ocrx_word' id='word_1_17' title='bbox 237 412 358 445; x_wconf 84' lang='lat' dir='ltr'>maior.</span> 
     </span>
     <span class='ocr_line' id='line_1_5' title="bbox 295 466 1626 516; baseline 0.002 -14"><span class='ocrx_word' id='word_1_18' title='bbox 295 471 564 513; x_wconf 79' lang='lat' dir='ltr'>Jungermaunia</span> <span class='ocrx_word' id='word_1_19' title='bbox 599 470 713 501; x_wconf 84' lang='lat' dir='ltr'>cerina</span> <span class='ocrx_word' id='word_1_20' title='bbox 755 466 801 501; x_wconf 92' lang='lat' dir='ltr'>L.</span> <span class='ocrx_word' id='word_1_21' title='bbox 836 473 868 500; x_wconf 80' lang='lat' dir='ltr'>et</span> <span class='ocrx_word' id='word_1_22' title='bbox 895 467 962 511; x_wconf 70' lang='lat' dir='ltr'>Ly.</span> <span class='ocrx_word' id='word_1_23' title='bbox 997 468 1034 501; x_wconf 81' lang='lat' dir='ltr'>in</span> <span class='ocrx_word' id='word_1_24' title='bbox 1069 467 1190 502; x_wconf 81' lang='lat' dir='ltr'>Lehm.</span> <span class='ocrx_word' id='word_1_25' title='bbox 1223 480 1298 504; x_wconf 79' lang='lat' dir='ltr'>nov.</span> <span class='ocrx_word' id='word_1_26' title='bbox 1324 476 1356 504; x_wconf 84' lang='lat' dir='ltr'>et</span> <span class='ocrx_word' id='word_1_27' title='bbox 1387 470 1502 504; x_wconf 82' lang='lat' dir='ltr'>minus</span> <span class='ocrx_word' id='word_1_28' title='bbox 1534 483 1626 516; x_wconf 68' lang='lat' dir='ltr'>coqu.</span> 
     </span>
     <span class='ocr_line' id='line_1_6' title="bbox 383 525 1130 572; baseline 0 -12"><span class='ocrx_word' id='word_1_29' title='bbox 383 527 483 572; x_wconf 81' lang='lat' dir='ltr'>stirp.</span> <span class='ocrx_word' id='word_1_30' title='bbox 512 527 608 570; x_wconf 72' lang='lat' dir='ltr'>Puy.</span> <span class='ocrx_word' id='word_1_31' title='bbox 636 525 686 561; x_wconf 83' lang='lat' dir='ltr'>V.</span> <span class='ocrx_word' id='word_1_32' title='bbox 711 525 837 570; x_wconf 81' lang='lat'>(1833)</span> <span class='ocrx_word' id='word_1_33' title='bbox 859 538 898 572; x_wconf 79' lang='lat' dir='ltr'>p.</span> <span class='ocrx_word' id='word_1_34' title='bbox 931 528 983 560; x_wconf 88' lang='lat'>16.</span> <span class='ocrx_word' id='word_1_35' title='bbox 1011 538 1045 560; x_wconf 74' lang='lat' dir='ltr'>n.</span> <span class='ocrx_word' id='word_1_36' title='bbox 1076 530 1130 561; x_wconf 88' lang='lat'>16.</span> 
     </span>
     <span class='ocr_line' id='line_1_7' title="bbox 176 583 1546 629; baseline 0.002 -11"><span class='ocrx_word' id='word_1_37' title='bbox 176 585 211 625; x_wconf 82' lang='grc' dir='ltr'>β,</span> <span class='ocrx_word' id='word_1_38' title='bbox 244 583 627 626; x_wconf 64' lang='lat' dir='ltr'>Liebmaniana‚.soliis</span> <span class='ocrx_word' id='word_1_39' title='bbox 656 586 820 618; x_wconf 86' lang='lat' dir='ltr'>omnibus</span> <span class='ocrx_word' id='word_1_40' title='bbox 848 587 1034 628; x_wconf 77' lang='lat' dir='ltr'>apiculatis‚</span> <span class='ocrx_word' id='word_1_41' title='bbox 1061 587 1312 629; x_wconf 69' lang='lat' dir='ltr'>amplnigastriis</span> <span class='ocrx_word' id='word_1_42' title='bbox 1338 589 1546 620; x_wconf 86' lang='lat' dir='ltr'>minoribus.</span> 
     </span>
     <span class='ocr_line' id='line_1_8' title="bbox 295 643 1208 690; baseline 0.003 -15"><span class='ocrx_word' id='word_1_43' title='bbox 295 644 458 684; x_wconf 84' lang='lat' dir='ltr'>Lejeunia</span> <span class='ocrx_word' id='word_1_44' title='bbox 484 646 722 677; x_wconf 86' lang='lat' dir='ltr'>mucronulata</span> <span class='ocrx_word' id='word_1_45' title='bbox 750 644 799 679; x_wconf 84' lang='lat' dir='ltr'>N.</span> <span class='ocrx_word' id='word_1_46' title='bbox 825 643 867 677; x_wconf 84' lang='lat' dir='ltr'>ab</span> <span class='ocrx_word' id='word_1_47' title='bbox 894 644 940 677; x_wconf 87' lang='grc' dir='ltr'>Ε.</span> <span class='ocrx_word' id='word_1_48' title='bbox 967 645 1006 677; x_wconf 83' lang='lat' dir='ltr'>in</span> <span class='ocrx_word' id='word_1_49' title='bbox 1032 643 1110 677; x_wconf 88' lang='lat' dir='ltr'>Hb.</span> <span class='ocrx_word' id='word_1_50' title='bbox 1133 644 1208 690; x_wconf 77' lang='lat' dir='ltr'>Hp.</span> 
     </span>
     <span class='ocr_line' id='line_1_9' title="bbox 203 702 1628 747; baseline 0.004 -11"><span class='ocrx_word' id='word_1_51' title='bbox 203 702 293 737; x_wconf 86' lang='lat' dir='ltr'>Var.</span> <span class='ocrx_word' id='word_1_52' title='bbox 333 715 355 736; x_wconf 78' lang='grc' dir='ltr'>αι</span> <span class='ocrx_word' id='word_1_53' title='bbox 396 702 434 736; x_wconf 89' lang='lat' dir='ltr'>in</span> <span class='ocrx_word' id='word_1_54' title='bbox 471 702 655 737; x_wconf 86' lang='lat' dir='ltr'>Brasiliac</span> <span class='ocrx_word' id='word_1_55' title='bbox 691 703 806 737; x_wconf 87' lang='lat' dir='ltr'>Serra</span> <span class='ocrx_word' id='word_1_56' title='bbox 851 703 918 738; x_wconf 91' lang='lat' dir='ltr'>dos</span> <span class='ocrx_word' id='word_1_57' title='bbox 958 703 1126 747; x_wconf 75' lang='lat' dir='ltr'>Orga6s‚</span> <span class='ocrx_word' id='word_1_58' title='bbox 1179 704 1225 738; x_wconf 88' lang='lat' dir='ltr'>ad</span> <span class='ocrx_word' id='word_1_59' title='bbox 1272 704 1416 740; x_wconf 82' lang='lat' dir='ltr'><strong>radices</strong></span> <span class='ocrx_word' id='word_1_60' title='bbox 1455 706 1628 741; x_wconf 85' lang='lat' dir='ltr'>arborum</span> 
     </span>
     <span class='ocr_line' id='line_1_10' title="bbox 108 761 1628 807; baseline 0.003 -12"><span class='ocrx_word' id='word_1_61' title='bbox 108 761 314 807; x_wconf 89' lang='lat' dir='ltr'>(Beyrich).</span> <span class='ocrx_word' id='word_1_62' title='bbox 340 781 388 787; x_wconf 95' lang='lat'><strong>—</strong></span> <span class='ocrx_word' id='word_1_63' title='bbox 421 762 514 796; x_wconf 89' lang='lat' dir='ltr'>Var.</span> <span class='ocrx_word' id='word_1_64' title='bbox 542 764 563 803; x_wconf 82' lang='grc' dir='ltr'>β</span> <span class='ocrx_word' id='word_1_65' title='bbox 604 762 641 796; x_wconf 92' lang='lat' dir='ltr'>in</span> <span class='ocrx_word' id='word_1_66' title='bbox 678 762 807 796; x_wconf 89' lang='lat' dir='ltr'>Insula</span> <span class='ocrx_word' id='word_1_67' title='bbox 844 762 898 796; x_wconf 87' lang='lat' dir='ltr'>St.</span> <span class='ocrx_word' id='word_1_68' title='bbox 936 762 1211 807; x_wconf 85' lang='lat' dir='ltr'>Christophori,</span> <span class='ocrx_word' id='word_1_69' title='bbox 1250 764 1350 799; x_wconf 84' lang='lat' dir='ltr'>unde</span> <span class='ocrx_word' id='word_1_70' title='bbox 1382 763 1508 798; x_wconf 82' lang='lat' dir='ltr'>attulit</span> <span class='ocrx_word' id='word_1_71' title='bbox 1540 764 1628 800; x_wconf 85' lang='lat' dir='ltr'>clar.</span> 
     </span>
     <span class='ocr_line' id='line_1_11' title="bbox 107 821 1129 867; baseline 0.001 -12"><span class='ocrx_word' id='word_1_72' title='bbox 107 821 259 856; x_wconf 76' lang='lat' dir='ltr'>Brentel</span> <span class='ocrx_word' id='word_1_73' title='bbox 286 827 322 856; x_wconf 85' lang='lat' dir='ltr'>et</span> <span class='ocrx_word' id='word_1_74' title='bbox 346 821 384 856; x_wconf 90' lang='lat' dir='ltr'>in</span> <span class='ocrx_word' id='word_1_75' title='bbox 412 822 523 856; x_wconf 84' lang='lat' dir='ltr'>India</span> <span class='ocrx_word' id='word_1_76' title='bbox 548 821 770 857; x_wconf 89' lang='lat' dir='ltr'>occidentali</span> <span class='ocrx_word' id='word_1_77' title='bbox 796 821 893 867; x_wconf 86' lang='lat' dir='ltr'>(Hb.</span> <span class='ocrx_word' id='word_1_78' title='bbox 919 822 1129 866; x_wconf 82' lang='lat' dir='ltr'>Liebman).</span> 
     </span>
    </p>
   </div>
   <div class='ocr_carea' id='block_1_3' title="bbox 159 926 1572 1054">
    <p class='ocr_par' dir='ltr' id='par_1_3' title="bbox 159 926 1572 1054">
     <span class='ocr_line' id='line_1_12' title="bbox 159 926 1572 974; baseline 0 -11"><span class='ocrx_word' id='word_1_79' title='bbox 159 926 270 947; x_wconf 60' lang='lat'>*³³*</span> <span class='ocrx_word' id='word_1_80' title='bbox 285 928 360 972; x_wconf 75' lang='lat'>³³)</span> <span class='ocrx_word' id='word_1_81' title='bbox 393 928 739 971; x_wconf 70' lang='lat' dir='ltr'>Duplicatae·</span> <span class='ocrx_word' id='word_1_82' title='bbox 789 927 1064 974; x_wconf 74' lang='lat' dir='ltr'>Ampbiyastriis</span> <span class='ocrx_word' id='word_1_83' title='bbox 1089 927 1142 961; x_wconf 70' lang='lat' dir='ltr'>vel</span> <span class='ocrx_word' id='word_1_84' title='bbox 1166 927 1351 974; x_wconf 75' lang='lat' dir='ltr'><em>duplicatis</em></span> <span class='ocrx_word' id='word_1_85' title='bbox 1375 928 1429 962; x_wconf 72' lang='lat' dir='ltr'>vel</span> <span class='ocrx_word' id='word_1_86' title='bbox 1451 928 1572 964; x_wconf 78' lang='lat' dir='ltr'>nullis.</span> 
     </span>
     <span class='ocr_line' id='line_1_13' title="bbox 341 1008 1391 1054; baseline 0 -11"><span class='ocrx_word' id='word_1_87' title='bbox 341 1011 428 1043; x_wconf 79' lang='lat'>203.</span> <span class='ocrx_word' id='word_1_88' title='bbox 479 1008 742 1054; x_wconf 72' lang='lat' dir='ltr'>LeJeunia</span> <span class='ocrx_word' id='word_1_89' title='bbox 775 1009 1105 1044; x_wconf 76' lang='lat' dir='ltr'>unidentata</span> <span class='ocrx_word' id='word_1_90' title='bbox 1137 1008 1179 1042; x_wconf 90' lang='lat' dir='ltr'>L.</span> <span class='ocrx_word' id='word_1_91' title='bbox 1208 1012 1245 1042; x_wconf 83' lang='lat' dir='ltr'>et</span> <span class='ocrx_word' id='word_1_92' title='bbox 1271 1008 1391 1052; x_wconf 85' lang='lat' dir='ltr'>Ldbg.</span> 
     </span>
    </p>
   </div>
   <div class='ocr_carea' id='block_1_4' title="bbox 93 1077 1635 2131">
    <p class='ocr_par' dir='ltr' id='par_1_4' title="bbox 93 1077 1633 1541">
     <span class='ocr_line' id='line_1_14' title="bbox 201 1077 1631 1126; baseline 0.002 -15"><span class='ocrx_word' id='word_1_93' title='bbox 201 1078 245 1112; x_wconf 93' lang='lat' dir='ltr'>L.</span> <span class='ocrx_word' id='word_1_94' title='bbox 271 1077 366 1112; x_wconf 82' lang='lat' dir='ltr'>caule</span> <span class='ocrx_word' id='word_1_95' title='bbox 399 1086 537 1125; x_wconf 75' lang='lat' dir='ltr'>repente</span> <span class='ocrx_word' id='word_1_96' title='bbox 572 1080 755 1125; x_wconf 76' lang='lat' dir='ltr'>cacspitoso</span> <span class='ocrx_word' id='word_1_97' title='bbox 788 1078 1034 1124; x_wconf 38' lang='lat' dir='ltr'>irre-quiariter</span> <span class='ocrx_word' id='word_1_98' title='bbox 1054 1080 1236 1126; x_wconf 79' lang='lat' dir='ltr'>pinnatim</span> <span class='ocrx_word' id='word_1_99' title='bbox 1261 1080 1503 1126; x_wconf 74' lang='lat' dir='ltr'>decomposiw,</span> <span class='ocrx_word' id='word_1_100' title='bbox 1525 1080 1631 1126; x_wconf 81' lang='lat' dir='ltr'>foliis</span> 
     </span>
     <span class='ocr_line' id='line_1_15' title="bbox 104 1137 1628 1182; baseline 0.003 -12"><span class='ocrx_word' id='word_1_101' title='bbox 104 1137 296 1171; x_wconf 77' lang='lat' dir='ltr'><em>imbricatis</em></span> <span class='ocrx_word' id='word_1_102' title='bbox 328 1137 633 1172; x_wconf 74' lang='lat' dir='ltr'>scmiverticalibus</span> <span class='ocrx_word' id='word_1_103' title='bbox 667 1137 869 1172; x_wconf 79' lang='lat' dir='ltr'>orbiculatis</span> <span class='ocrx_word' id='word_1_104' title='bbox 901 1139 1134 1182; x_wconf 68' lang='lat' dir='ltr'>intefflerrimis</span> <span class='ocrx_word' id='word_1_105' title='bbox 1159 1138 1277 1173; x_wconf 77' lang='lat' dir='ltr'>subtus</span> <span class='ocrx_word' id='word_1_106' title='bbox 1301 1138 1628 1174; x_wconf 78' lang='lat' dir='ltr'>subsinuato-com-</span> 
     </span>
     <span class='ocr_line' id='line_1_16' title="bbox 99 1194 1633 1242; baseline 0.003 -14"><span class='ocrx_word' id='word_1_107' title='bbox 99 1194 254 1240; x_wconf 77' lang='lat' dir='ltr'><em>plicatis,</em></span> <span class='ocrx_word' id='word_1_108' title='bbox 288 1195 399 1231; x_wconf 74' lang='lat' dir='ltr'>[obulo</span> <span class='ocrx_word' id='word_1_109' title='bbox 433 1199 582 1231; x_wconf 67' lang='lat' dir='ltr'>maximo</span> <span class='ocrx_word' id='word_1_110' title='bbox 615 1197 705 1232; x_wconf 82' lang='lat' dir='ltr'>ovali</span> <span class='ocrx_word' id='word_1_111' title='bbox 739 1200 776 1232; x_wconf 79' lang='lat' dir='ltr'>in</span> <span class='ocrx_word' id='word_1_112' title='bbox 799 1197 891 1241; x_wconf 82' lang='lat' dir='ltr'>solii</span> <span class='ocrx_word' id='word_1_113' title='bbox 915 1198 1105 1242; x_wconf 74' lang='lat' dir='ltr'>maryincm</span> <span class='ocrx_word' id='word_1_114' title='bbox 1130 1197 1388 1231; x_wconf 76' lang='lat' dir='ltr'>subtranscwzte</span> <span class='ocrx_word' id='word_1_115' title='bbox 1410 1197 1633 1232; x_wconf 76' lang='lat' dir='ltr'>subtruncato</span> 
     </span>
     <span class='ocr_line' id='line_1_17' title="bbox 103 1254 1632 1303; baseline 0.003 -16"><span class='ocrx_word' id='word_1_116' title='bbox 103 1254 389 1297; x_wconf 76' lang='lat' dir='ltr'>subzmz&#39;dentato,</span> <span class='ocrx_word' id='word_1_117' title='bbox 422 1257 684 1303; x_wconf 69' lang='lat' dir='ltr'>amphiyaseriis</span> <span class='ocrx_word' id='word_1_118' title='bbox 709 1259 757 1294; x_wconf 79' lang='lat' dir='ltr'>ad</span> <span class='ocrx_word' id='word_1_119' title='bbox 779 1257 919 1303; x_wconf 74' lang='lat' dir='ltr'>sinyula</span> <span class='ocrx_word' id='word_1_120' title='bbox 932 1256 1032 1302; x_wconf 65' lang='lat' dir='ltr'>fi&#39;lia</span> <span class='ocrx_word' id='word_1_121' title='bbox 1056 1257 1228 1303; x_wconf 74' lang='lat' dir='ltr'><em>dispositis</em></span> <span class='ocrx_word' id='word_1_122' title='bbox 1262 1257 1453 1291; x_wconf 79' lang='lat' dir='ltr'><strong><em>imbricatis</em></strong></span> <span class='ocrx_word' id='word_1_123' title='bbox 1476 1257 1632 1292; x_wconf 78' lang='lat' dir='ltr'>obtrian-</span> 
     </span>
     <span class='ocr_line' id='line_1_18' title="bbox 100 1313 1632 1362; baseline 0.004 -16"><span class='ocrx_word' id='word_1_124' title='bbox 100 1313 282 1358; x_wconf 72' lang='lat' dir='ltr'>qularibus</span> <span class='ocrx_word' id='word_1_125' title='bbox 318 1315 492 1360; x_wconf 67' lang='lat' dir='ltr'>prqfunde</span> <span class='ocrx_word' id='word_1_126' title='bbox 529 1316 645 1360; x_wconf 72' lang='lat' dir='ltr'>bifidis</span> <span class='ocrx_word' id='word_1_127' title='bbox 687 1317 825 1350; x_wconf 66' lang='lat' dir='ltr'>Iaccniis</span> <span class='ocrx_word' id='word_1_128' title='bbox 869 1318 978 1350; x_wconf 68' lang='lat' dir='ltr'>oratis</span> <span class='ocrx_word' id='word_1_129' title='bbox 1026 1315 1266 1351; x_wconf 77' lang='lat' dir='ltr'>obtusiusculis</span> <span class='ocrx_word' id='word_1_130' title='bbox 1305 1316 1632 1362; x_wconf 56' lang='lat' dir='ltr'>subdit-ementibus,</span> 
     </span>
     <span class='ocr_line' id='line_1_19' title="bbox 93 1373 1632 1421; baseline 0.003 -14"><span class='ocrx_word' id='word_1_131' title='bbox 93 1373 224 1418; x_wconf 76' lang='lat' dir='ltr'>fructu</span> <span class='ocrx_word' id='word_1_132' title='bbox 251 1374 390 1408; x_wconf 79' lang='lat' dir='ltr'>laterali</span> <span class='ocrx_word' id='word_1_133' title='bbox 412 1375 531 1417; x_wconf 85' lang='lat' dir='ltr'>sessili,</span> <span class='ocrx_word' id='word_1_134' title='bbox 547 1375 653 1420; x_wconf 75' lang='lat' dir='ltr'>fhliis</span> <span class='ocrx_word' id='word_1_135' title='bbox 676 1375 946 1409; x_wconf 71' lang='lat' dir='ltr'>involucralibus</span> <span class='ocrx_word' id='word_1_136' title='bbox 977 1375 1211 1421; x_wconf 77' lang='lat' dir='ltr'><em>conformibus</em></span> <span class='ocrx_word' id='word_1_137' title='bbox 1233 1376 1524 1419; x_wconf 76' lang='lat' dir='ltr'>subacuminatis,</span> <span class='ocrx_word' id='word_1_138' title='bbox 1556 1390 1632 1411; x_wconf 83' lang='lat' dir='ltr'>am-</span> 
     </span>
     <span class='ocr_line' id='line_1_20' title="bbox 98 1431 1633 1483; baseline 0.005 -19"><span class='ocrx_word' id='word_1_139' title='bbox 98 1431 296 1478; x_wconf 71' lang='lat' dir='ltr'>phiyastrio</span> <span class='ocrx_word' id='word_1_140' title='bbox 328 1441 426 1468; x_wconf 70' lang='lat' dir='ltr'>ovato</span> <span class='ocrx_word' id='word_1_141' title='bbox 458 1435 603 1470; x_wconf 80' lang='lat' dir='ltr'>breviter</span> <span class='ocrx_word' id='word_1_142' title='bbox 629 1434 735 1479; x_wconf 73' lang='lat' dir='ltr'>bifido</span> <span class='ocrx_word' id='word_1_143' title='bbox 762 1435 846 1469; x_wconf 82' lang='lat' dir='ltr'>lobis</span> <span class='ocrx_word' id='word_1_144' title='bbox 871 1435 1017 1478; x_wconf 81' lang='lat' dir='ltr'>obtusis,</span> <span class='ocrx_word' id='word_1_145' title='bbox 1047 1435 1248 1481; x_wconf 75' lang='lat' dir='ltr'>perianthio</span> <span class='ocrx_word' id='word_1_146' title='bbox 1279 1435 1416 1481; x_wconf 67' lang='lat' dir='ltr'>oblonqo</span> <span class='ocrx_word' id='word_1_147' title='bbox 1447 1449 1633 1483; x_wconf 82' lang='lat' dir='ltr'>compresso</span> 
     </span>
     <span class='ocr_line' id='line_1_21' title="bbox 104 1493 1447 1541; baseline 0.003 -15"><span class='ocrx_word' id='word_1_148' title='bbox 104 1499 200 1526; x_wconf 78' lang='lat' dir='ltr'>acute</span> <span class='ocrx_word' id='word_1_149' title='bbox 220 1500 413 1538; x_wconf 69' lang='lat' dir='ltr'>peiztaymw</span> <span class='ocrx_word' id='word_1_150' title='bbox 438 1494 569 1528; x_wconf 77' lang='lat' dir='ltr'>carinis</span> <span class='ocrx_word' id='word_1_151' title='bbox 594 1493 799 1529; x_wconf 78' lang='lat' dir='ltr'>latiusculis.</span> <span class='ocrx_word' id='word_1_152' title='bbox 852 1495 1011 1529; x_wconf 79' lang='lat' dir='ltr'>Gottscbe</span> <span class='ocrx_word' id='word_1_153' title='bbox 1037 1495 1132 1530; x_wconf 76' lang='lat' dir='ltr'>Icon.</span> <span class='ocrx_word' id='word_1_154' title='bbox 1160 1495 1304 1541; x_wconf 67' lang='lat' dir='ltr'>Lcjjeim.</span> <span class='ocrx_word' id='word_1_155' title='bbox 1332 1494 1447 1531; x_wconf 81' lang='lat'>11.&#39;5.</span> 
     </span>
    </p>

    <p class='ocr_par' dir='ltr' id='par_1_5' title="bbox 296 1554 1635 1720">
     <span class='ocr_line' id='line_1_22' title="bbox 296 1554 1633 1601; baseline 0.005 -17"><span class='ocrx_word' id='word_1_156' title='bbox 296 1554 564 1595; x_wconf 82' lang='lat' dir='ltr'>Jungermannia</span> <span class='ocrx_word' id='word_1_157' title='bbox 592 1554 791 1587; x_wconf 83' lang='lat' dir='ltr'>unidentata</span> <span class='ocrx_word' id='word_1_158' title='bbox 819 1554 863 1588; x_wconf 90' lang='lat' dir='ltr'>L.</span> <span class='ocrx_word' id='word_1_159' title='bbox 884 1561 916 1588; x_wconf 83' lang='lat' dir='ltr'>et</span> <span class='ocrx_word' id='word_1_160' title='bbox 938 1555 1005 1599; x_wconf 70' lang='lat' dir='ltr'>Ly.</span> <span class='ocrx_word' id='word_1_161' title='bbox 1031 1555 1070 1588; x_wconf 82' lang='lat' dir='ltr'>in</span> <span class='ocrx_word' id='word_1_162' title='bbox 1094 1554 1216 1590; x_wconf 80' lang='lat' dir='ltr'>Lebm.</span> <span class='ocrx_word' id='word_1_163' title='bbox 1239 1567 1314 1589; x_wconf 67' lang='lat' dir='ltr'>nov.</span> <span class='ocrx_word' id='word_1_164' title='bbox 1341 1561 1373 1589; x_wconf 78' lang='lat' dir='ltr'>ct</span> <span class='ocrx_word' id='word_1_165' title='bbox 1398 1556 1512 1590; x_wconf 73' lang='lat' dir='ltr'>minus</span> <span class='ocrx_word' id='word_1_166' title='bbox 1536 1568 1633 1601; x_wconf 72' lang='lat' dir='ltr'>coyn.</span> 
     </span>
     <span class='ocr_line' id='line_1_23' title="bbox 381 1612 1635 1660; baseline 0.003 -14"><span class='ocrx_word' id='word_1_167' title='bbox 381 1612 482 1658; x_wconf 82' lang='lat' dir='ltr'>stirp.</span> <span class='ocrx_word' id='word_1_168' title='bbox 511 1613 689 1658; x_wconf 65' lang='lat' dir='ltr'>Pqul.</span> <span class='ocrx_word' id='word_1_169' title='bbox 710 1625 748 1659; x_wconf 78' lang='lat' dir='ltr'>p.</span> <span class='ocrx_word' id='word_1_170' title='bbox 777 1617 835 1648; x_wconf 78' lang='lat'>48.</span> <span class='ocrx_word' id='word_1_171' title='bbox 862 1617 971 1649; x_wconf 84' lang='lat' dir='ltr'><strong>n.23.</strong></span> <span class='ocrx_word' id='word_1_172' title='bbox 1022 1615 1138 1648; x_wconf 67' lang='lat' dir='ltr'>DIcmt.</span> <span class='ocrx_word' id='word_1_173' title='bbox 1166 1615 1202 1648; x_wconf 83' lang='lat' dir='ltr'>in</span> <span class='ocrx_word' id='word_1_174' title='bbox 1223 1614 1366 1648; x_wconf 72' lang='lat' dir='ltr'>Rumon</span> <span class='ocrx_word' id='word_1_175' title='bbox 1390 1616 1429 1649; x_wconf 76' lang='lat' dir='ltr'>(le</span> <span class='ocrx_word' id='word_1_176' title='bbox 1454 1614 1489 1649; x_wconf 80' lang='lat' dir='ltr'>la</span> <span class='ocrx_word' id='word_1_177' title='bbox 1515 1615 1635 1660; x_wconf 72' lang='lat' dir='ltr'>Sayra</span> 
     </span>
     <span class='ocr_line' id='line_1_24' title="bbox 384 1672 1609 1720; baseline 0.002 -15"><span class='ocrx_word' id='word_1_178' title='bbox 384 1672 543 1706; x_wconf 76' lang='lat' dir='ltr'><strong><em>Histoire</em></strong></span> <span class='ocrx_word' id='word_1_179' title='bbox 560 1673 661 1719; x_wconf 79' lang='lat' dir='ltr'>phys.</span> <span class='ocrx_word' id='word_1_180' title='bbox 682 1672 785 1719; x_wconf 75' lang='lat' dir='ltr'>polit.</span> <span class='ocrx_word' id='word_1_181' title='bbox 811 1680 843 1707; x_wconf 74' lang='lat' dir='ltr'>et</span> <span class='ocrx_word' id='word_1_182' title='bbox 869 1679 989 1707; x_wconf 76' lang='lat' dir='ltr'>natur,</span> <span class='ocrx_word' id='word_1_183' title='bbox 1017 1674 1056 1707; x_wconf 83' lang='lat' dir='ltr'>(le</span> <span class='ocrx_word' id='word_1_184' title='bbox 1084 1672 1181 1707; x_wconf 79' lang='lat' dir='ltr'>Cuba</span> <span class='ocrx_word' id='word_1_185' title='bbox 1202 1685 1241 1719; x_wconf 75' lang='lat' dir='ltr'>p.</span> <span class='ocrx_word' id='word_1_186' title='bbox 1267 1676 1351 1708; x_wconf 81' lang='lat'>478.</span> <span class='ocrx_word' id='word_1_187' title='bbox 1379 1680 1404 1708; x_wconf 84' lang='lat' dir='ltr'>t.</span> <span class='ocrx_word' id='word_1_188' title='bbox 1435 1676 1490 1708; x_wconf 87' lang='lat'>19.</span> <span class='ocrx_word' id='word_1_189' title='bbox 1507 1674 1546 1720; x_wconf 91' lang='lat' dir='ltr'>f.</span> <span class='ocrx_word' id='word_1_190' title='bbox 1573 1677 1609 1709; x_wconf 81' lang='lat'>2.</span> 
     </span>
    </p>

    <p class='ocr_par' dir='ltr' id='par_1_6' title="bbox 106 1729 1634 1837">
     <span class='ocr_line' id='line_1_25' title="bbox 204 1729 1634 1778; baseline 0.003 -15"><span class='ocrx_word' id='word_1_191' title='bbox 204 1729 365 1765; x_wconf 82' lang='lat' dir='ltr'>Habitat</span> <span class='ocrx_word' id='word_1_192' title='bbox 391 1731 428 1764; x_wconf 94' lang='lat' dir='ltr'>in</span> <span class='ocrx_word' id='word_1_193' title='bbox 456 1731 587 1766; x_wconf 79' lang='lat' dir='ltr'>Insula</span> <span class='ocrx_word' id='word_1_194' title='bbox 614 1733 670 1767; x_wconf 83' lang='lat' dir='ltr'>St.</span> <span class='ocrx_word' id='word_1_195' title='bbox 698 1731 892 1766; x_wconf 86' lang='lat' dir='ltr'>Vincentii</span> <span class='ocrx_word' id='word_1_196' title='bbox 920 1732 975 1778; x_wconf 81' lang='lat' dir='ltr'>ad¹</span> <span class='ocrx_word' id='word_1_197' title='bbox 1005 1732 1179 1767; x_wconf 86' lang='lat' dir='ltr'>arborum</span> <span class='ocrx_word' id='word_1_198' title='bbox 1215 1731 1390 1767; x_wconf 86' lang='lat' dir='ltr'>corticem</span> <span class='ocrx_word' id='word_1_199' title='bbox 1417 1732 1512 1776; x_wconf 91' lang='lat' dir='ltr'>(Hb.</span> <span class='ocrx_word' id='word_1_200' title='bbox 1542 1733 1634 1776; x_wconf 65' lang='lat' dir='ltr'>Hk„</span> 
     </span>
     <span class='ocr_line' id='line_1_26' title="bbox 106 1787 1211 1837; baseline 0.003 -15"><span class='ocrx_word' id='word_1_201' title='bbox 106 1787 149 1823; x_wconf 88' lang='lat' dir='ltr'>L.</span> <span class='ocrx_word' id='word_1_202' title='bbox 177 1792 214 1822; x_wconf 86' lang='lat' dir='ltr'>et</span> <span class='ocrx_word' id='word_1_203' title='bbox 240 1789 347 1834; x_wconf 83' lang='lat' dir='ltr'>Lg.);</span> <span class='ocrx_word' id='word_1_204' title='bbox 376 1789 412 1824; x_wconf 92' lang='lat' dir='ltr'>in</span> <span class='ocrx_word' id='word_1_205' title='bbox 441 1790 571 1825; x_wconf 78' lang='lat' dir='ltr'>Insula</span> <span class='ocrx_word' id='word_1_206' title='bbox 600 1791 709 1826; x_wconf 88' lang='lat' dir='ltr'>Cuba</span> <span class='ocrx_word' id='word_1_207' title='bbox 735 1792 826 1836; x_wconf 85' lang='lat' dir='ltr'>(Hb.</span> <span class='ocrx_word' id='word_1_208' title='bbox 855 1792 908 1827; x_wconf 89' lang='lat' dir='ltr'>M.</span> <span class='ocrx_word' id='word_1_209' title='bbox 936 1804 967 1826; x_wconf 88' lang='lat' dir='ltr'>c.</span> <span class='ocrx_word' id='word_1_210' title='bbox 995 1792 1211 1837; x_wconf 84' lang='lat' dir='ltr'>perianth.).</span> 
     </span>
    </p>

    <p class='ocr_par' dir='ltr' id='par_1_7' title="bbox 107 1847 1633 2003">
     <span class='ocr_line' id='line_1_27' title="bbox 203 1847 1633 1896; baseline 0.005 -16"><span class='ocrx_word' id='word_1_211' title='bbox 203 1847 314 1882; x_wconf 86' lang='lat' dir='ltr'>Obs.</span> <span class='ocrx_word' id='word_1_212' title='bbox 368 1849 510 1883; x_wconf 89' lang='lat' dir='ltr'>Similis</span> <span class='ocrx_word' id='word_1_213' title='bbox 548 1855 604 1884; x_wconf 91' lang='lat' dir='ltr'>est</span> <span class='ocrx_word' id='word_1_214' title='bbox 646 1851 722 1896; x_wconf 68' lang='lat' dir='ltr'>ij.</span> <span class='ocrx_word' id='word_1_215' title='bbox 749 1850 946 1896; x_wconf 74' lang='lat' dir='ltr'>pellucidae</span> <span class='ocrx_word' id='word_1_216' title='bbox 979 1851 1160 1894; x_wconf 84' lang='lat' dir='ltr'>Meissn.‚</span> <span class='ocrx_word' id='word_1_217' title='bbox 1210 1862 1308 1896; x_wconf 85' lang='lat' dir='ltr'>quae</span> <span class='ocrx_word' id='word_1_218' title='bbox 1348 1850 1498 1886; x_wconf 86' lang='lat' dir='ltr'>diversa</span> <span class='ocrx_word' id='word_1_219' title='bbox 1535 1849 1633 1887; x_wconf 88' lang='lat' dir='ltr'>foliis</span> 
     </span>
     <span class='ocr_line' id='line_1_28' title="bbox 107 1906 1633 1956; baseline 0.005 -19"><span class='ocrx_word' id='word_1_220' title='bbox 107 1906 355 1941; x_wconf 81' lang='lat' dir='ltr'>tenerioribus</span> <span class='ocrx_word' id='word_1_221' title='bbox 402 1908 562 1952; x_wconf 90' lang='lat' dir='ltr'>hyalinis</span> <span class='ocrx_word' id='word_1_222' title='bbox 608 1909 730 1943; x_wconf 88' lang='lat' dir='ltr'>minus</span> <span class='ocrx_word' id='word_1_223' title='bbox 770 1914 906 1945; x_wconf 79' lang='lat' dir='ltr'>exacte</span> <span class='ocrx_word' id='word_1_224' title='bbox 946 1911 1168 1946; x_wconf 89' lang='lat' dir='ltr'>orbiculatis</span> <span class='ocrx_word' id='word_1_225' title='bbox 1207 1916 1244 1945; x_wconf 87' lang='lat' dir='ltr'>et</span> <span class='ocrx_word' id='word_1_226' title='bbox 1281 1910 1633 1956; x_wconf 83' lang='lat' dir='ltr'>amphigastriorum</span> 
     </span>
     <span class='ocr_line' id='line_1_29' title="bbox 108 1964 753 2003; baseline 0.008 -6"><span class='ocrx_word' id='word_1_227' title='bbox 108 1964 253 1998; x_wconf 89' lang='lat' dir='ltr'>laciniis</span> <span class='ocrx_word' id='word_1_228' title='bbox 279 1966 496 2002; x_wconf 87' lang='lat' dir='ltr'>lanceolatis</span> <span class='ocrx_word' id='word_1_229' title='bbox 523 1968 753 2003; x_wconf 83' lang='lat' dir='ltr'>divaricatis.</span> 
     </span>
    </p>

    <p class='ocr_par' dir='ltr' id='par_1_8' title="bbox 108 2024 1629 2131">
     <span class='ocr_line' id='line_1_30' title="bbox 205 2024 1629 2072; baseline 0.004 -14"><span class='ocrx_word' id='word_1_230' title='bbox 205 2024 343 2059; x_wconf 82' lang='lat' dir='ltr'>Planta</span> <span class='ocrx_word' id='word_1_231' title='bbox 371 2026 580 2068; x_wconf 85' lang='lat' dir='ltr'>Cubensis,</span> <span class='ocrx_word' id='word_1_232' title='bbox 608 2037 705 2072; x_wconf 90' lang='lat' dir='ltr'>quae</span> <span class='ocrx_word' id='word_1_233' title='bbox 732 2028 813 2062; x_wconf 84' lang='lat' dir='ltr'>sola</span> <span class='ocrx_word' id='word_1_234' title='bbox 837 2027 1029 2062; x_wconf 82' lang='lat' dir='ltr'>fructifera</span> <span class='ocrx_word' id='word_1_235' title='bbox 1057 2028 1222 2070; x_wconf 86' lang='lat' dir='ltr'>inventa,</span> <span class='ocrx_word' id='word_1_236' title='bbox 1250 2039 1324 2063; x_wconf 89' lang='lat' dir='ltr'>non</span> <span class='ocrx_word' id='word_1_237' title='bbox 1350 2028 1473 2063; x_wconf 86' lang='lat' dir='ltr'>differt</span> <span class='ocrx_word' id='word_1_238' title='bbox 1500 2039 1520 2062; x_wconf 87' lang='lat' dir='ltr'>a</span> <span class='ocrx_word' id='word_1_239' title='bbox 1546 2029 1629 2064; x_wconf 88' lang='lat' dir='ltr'>vul-</span> 
     </span>
     <span class='ocr_line' id='line_1_31' title="bbox 108 2082 1416 2131; baseline 0.005 -15"><span class='ocrx_word' id='word_1_240' title='bbox 108 2082 187 2126; x_wconf 87' lang='lat' dir='ltr'>gari</span> <span class='ocrx_word' id='word_1_241' title='bbox 215 2083 332 2117; x_wconf 82' lang='lat' dir='ltr'>forma</span> <span class='ocrx_word' id='word_1_242' title='bbox 359 2085 429 2120; x_wconf 89' lang='lat' dir='ltr'>nisi</span> <span class='ocrx_word' id='word_1_243' title='bbox 456 2086 594 2121; x_wconf 85' lang='lat' dir='ltr'>lobulis</span> <span class='ocrx_word' id='word_1_244' title='bbox 621 2086 794 2121; x_wconf 83' lang='lat' dir='ltr'>foliorum</span> <span class='ocrx_word' id='word_1_245' title='bbox 821 2087 1062 2131; x_wconf 87' lang='lat' dir='ltr'>longioribus,</span> <span class='ocrx_word' id='word_1_246' title='bbox 1089 2088 1200 2122; x_wconf 86' lang='lat' dir='ltr'>dente</span> <span class='ocrx_word' id='word_1_247' title='bbox 1227 2089 1416 2124; x_wconf 85' lang='lat' dir='ltr'>subulato.</span> 
     </span>
    </p>
   </div>
   <div class='ocr_carea' id='block_1_5' title="bbox 400 2179 1336 2225">
    <p class='ocr_par' dir='ltr' id='par_1_9' title="bbox 400 2179 1336 2225">
     <span class='ocr_line' id='line_1_32' title="bbox 400 2179 1336 2225; baseline 0.005 -14"><span class='ocrx_word' id='word_1_248' title='bbox 400 2180 485 2212; x_wconf 80' lang='lat'>204.</span> <span class='ocrx_word' id='word_1_249' title='bbox 537 2179 797 2225; x_wconf 73' lang='lat' dir='ltr'>Lejeunia</span> <span class='ocrx_word' id='word_1_250' title='bbox 821 2181 1113 2216; x_wconf 69' lang='lat' dir='ltr'>Pauclcertz·</span> <span class='ocrx_word' id='word_1_251' title='bbox 1145 2180 1193 2215; x_wconf 91' lang='lat' dir='ltr'>N.</span> <span class='ocrx_word' id='word_1_252' title='bbox 1221 2180 1269 2215; x_wconf 84' lang='lat' dir='ltr'>ab</span> <span class='ocrx_word' id='word_1_253' title='bbox 1295 2180 1336 2216; x_wconf 86' lang='lat' dir='ltr'>E.</span> 
     </span>
    </p>
   </div>
   <div class='ocr_carea' id='block_1_6' title="bbox 107 2247 1635 2948">
    <p class='ocr_par' dir='ltr' id='par_1_10' title="bbox 107 2247 1635 2475">
     <span class='ocr_line' id='line_1_33' title="bbox 202 2247 1632 2296; baseline 0.003 -15"><span class='ocrx_word' id='word_1_254' title='bbox 202 2248 246 2282; x_wconf 93' lang='lat' dir='ltr'>L.</span> <span class='ocrx_word' id='word_1_255' title='bbox 285 2247 382 2282; x_wconf 81' lang='lat' dir='ltr'>caule</span> <span class='ocrx_word' id='word_1_256' title='bbox 423 2257 563 2295; x_wconf 79' lang='lat' dir='ltr'>repente</span> <span class='ocrx_word' id='word_1_257' title='bbox 602 2263 753 2293; x_wconf 78' lang='lat' dir='ltr'>ramoso,</span> <span class='ocrx_word' id='word_1_258' title='bbox 797 2251 902 2296; x_wconf 83' lang='lat' dir='ltr'>foliis</span> <span class='ocrx_word' id='word_1_259' title='bbox 939 2251 1132 2285; x_wconf 69' lang='lat' dir='ltr'>imbricatis</span> <span class='ocrx_word' id='word_1_260' title='bbox 1166 2250 1450 2285; x_wconf 70' lang='lat' dir='ltr'>subverticalibus</span> <span class='ocrx_word' id='word_1_261' title='bbox 1487 2250 1632 2285; x_wconf 79' lang='lat' dir='ltr'>bullato-</span> 
     </span>
     <span class='ocr_line' id='line_1_34' title="bbox 107 2307 1635 2356; baseline 0.003 -16"><span class='ocrx_word' id='word_1_262' title='bbox 107 2307 259 2341; x_wconf 82' lang='lat' dir='ltr'>concavis</span> <span class='ocrx_word' id='word_1_263' title='bbox 299 2308 500 2343; x_wconf 81' lang='lat' dir='ltr'>orbiculatis</span> <span class='ocrx_word' id='word_1_264' title='bbox 539 2310 788 2354; x_wconf 73' lang='lat' dir='ltr'>inteyerrimis,</span> <span class='ocrx_word' id='word_1_265' title='bbox 841 2310 951 2344; x_wconf 83' lang='lat' dir='ltr'>lobulo</span> <span class='ocrx_word' id='word_1_266' title='bbox 988 2310 1103 2352; x_wconf 80' lang='lat' dir='ltr'>nullo,</span> <span class='ocrx_word' id='word_1_267' title='bbox 1153 2310 1415 2356; x_wconf 71' lang='lat' dir='ltr'>amphiyastriis</span> <span class='ocrx_word' id='word_1_268' title='bbox 1451 2309 1635 2356; x_wconf 78' lang='lat' dir='ltr'>duplicatis</span> 
     </span>
     <span class='ocr_line' id='line_1_35' title="bbox 107 2365 1635 2415; baseline 0.004 -17"><span class='ocrx_word' id='word_1_269' title='bbox 107 2366 242 2410; x_wconf 56' lang='lat' dir='ltr'>magnis</span> <span class='ocrx_word' id='word_1_270' title='bbox 266 2365 458 2402; x_wconf 76' lang='lat' dir='ltr'>imbricatis</span> <span class='ocrx_word' id='word_1_271' title='bbox 482 2368 743 2402; x_wconf 76' lang='lat' dir='ltr'>decurrentibus</span> <span class='ocrx_word' id='word_1_272' title='bbox 761 2369 938 2415; x_wconf 76' lang='lat' dir='ltr'>prqfunde</span> <span class='ocrx_word' id='word_1_273' title='bbox 964 2369 1100 2414; x_wconf 72' lang='lat' dir='ltr'>bifidis,</span> <span class='ocrx_word' id='word_1_274' title='bbox 1136 2369 1273 2403; x_wconf 76' lang='lat' dir='ltr'>laciniis</span> <span class='ocrx_word' id='word_1_275' title='bbox 1303 2368 1635 2404; x_wconf 71' lang='lat' dir='ltr'>ovato-lanceolatis</span> 
     </span>
     <span class='ocr_line' id='line_1_36' title="bbox 107 2424 1377 2475; baseline 0.004 -18"><span class='ocrx_word' id='word_1_276' title='bbox 107 2424 356 2469; x_wconf 73' lang='lat' dir='ltr'>diveryentibus</span> <span class='ocrx_word' id='word_1_277' title='bbox 380 2427 611 2471; x_wconf 69' lang='lat' dir='ltr'>inteyerm‘mis</span> <span class='ocrx_word' id='word_1_278' title='bbox 635 2428 757 2462; x_wconf 80' lang='lat' dir='ltr'>acutis.</span> <span class='ocrx_word' id='word_1_279' title='bbox 809 2429 966 2463; x_wconf 81' lang='lat' dir='ltr'>Gottscbc</span> <span class='ocrx_word' id='word_1_280' title='bbox 986 2429 1082 2463; x_wconf 85' lang='lat' dir='ltr'>Icon.</span> <span class='ocrx_word' id='word_1_281' title='bbox 1110 2429 1255 2475; x_wconf 69' lang='lat' dir='ltr'>quemz.</span> <span class='ocrx_word' id='word_1_282' title='bbox 1287 2428 1377 2462; x_wconf 88' lang='lat' dir='ltr'>VII.</span> 
     </span>
    </p>

    <p class='ocr_par' dir='ltr' id='par_1_11' title="bbox 203 2485 1487 2532">
     <span class='ocr_line' id='line_1_37' title="bbox 203 2485 1487 2532; baseline 0.001 -14"><span class='ocrx_word' id='word_1_283' title='bbox 203 2485 247 2518; x_wconf 90' lang='lat' dir='ltr'>In</span> <span class='ocrx_word' id='word_1_284' title='bbox 275 2485 412 2520; x_wconf 83' lang='lat' dir='ltr'>cortice</span> <span class='ocrx_word' id='word_1_285' title='bbox 440 2486 647 2529; x_wconf 85' lang='lat' dir='ltr'>peruviano</span> <span class='ocrx_word' id='word_1_286' title='bbox 674 2486 918 2532; x_wconf 87' lang='lat' dir='ltr'>(Pauckert);</span> <span class='ocrx_word' id='word_1_287' title='bbox 946 2488 983 2522; x_wconf 90' lang='lat' dir='ltr'>in</span> <span class='ocrx_word' id='word_1_288' title='bbox 1013 2487 1133 2522; x_wconf 74' lang='lat' dir='ltr'>Cliina</span> <span class='ocrx_word' id='word_1_289' title='bbox 1160 2487 1266 2521; x_wconf 87' lang='lat' dir='ltr'>fusca</span> <span class='ocrx_word' id='word_1_290' title='bbox 1295 2486 1487 2530; x_wconf 81' lang='lat' dir='ltr'>(Hampe).</span> 
     </span>
    </p>

    <p class='ocr_par' dir='ltr' id='par_1_12' title="bbox 108 2543 1633 2948">
     <span class='ocr_line' id='line_1_38' title="bbox 204 2543 1629 2590; baseline 0.001 -12"><span class='ocrx_word' id='word_1_291' title='bbox 204 2543 341 2579; x_wconf 84' lang='lat' dir='ltr'>Planta</span> <span class='ocrx_word' id='word_1_292' title='bbox 368 2556 484 2590; x_wconf 87' lang='lat' dir='ltr'>parva</span> <span class='ocrx_word' id='word_1_293' title='bbox 511 2550 547 2580; x_wconf 89' lang='lat' dir='ltr'>et</span> <span class='ocrx_word' id='word_1_294' title='bbox 573 2546 739 2590; x_wconf 81' lang='lat' dir='ltr'>elegans,</span> <span class='ocrx_word' id='word_1_295' title='bbox 766 2547 918 2590; x_wconf 86' lang='lat' dir='ltr'>pallida.</span> <span class='ocrx_word' id='word_1_296' title='bbox 973 2546 1093 2581; x_wconf 69' lang='lat' dir='ltr'>Cauiis</span> <span class='ocrx_word' id='word_1_297' title='bbox 1117 2549 1174 2580; x_wconf 81' lang='lat'>2-</span> <span class='ocrx_word' id='word_1_298' title='bbox 1192 2550 1215 2580; x_wconf 87' lang='lat'>4</span> <span class='ocrx_word' id='word_1_299' title='bbox 1244 2546 1305 2580; x_wconf 91' lang='lat' dir='ltr'>lin.</span> <span class='ocrx_word' id='word_1_300' title='bbox 1334 2546 1476 2588; x_wconf 86' lang='lat' dir='ltr'>longus,</span> <span class='ocrx_word' id='word_1_301' title='bbox 1503 2543 1629 2579; x_wconf 83' lang='lat' dir='ltr'>diver-</span> 
     </span>
     <span class='ocr_line' id='line_1_39' title="bbox 109 2601 1632 2650; baseline 0.003 -16"><span class='ocrx_word' id='word_1_302' title='bbox 109 2601 446 2647; x_wconf 86' lang='lat' dir='ltr'>genti-ramosus‚</span> <span class='ocrx_word' id='word_1_303' title='bbox 474 2605 705 2650; x_wconf 79' lang='lat' dir='ltr'>pessucidus,</span> <span class='ocrx_word' id='word_1_304' title='bbox 739 2616 854 2650; x_wconf 88' lang='lat' dir='ltr'>parce</span> <span class='ocrx_word' id='word_1_305' title='bbox 880 2605 1128 2641; x_wconf 86' lang='lat' dir='ltr'>radiculosus.</span> <span class='ocrx_word' id='word_1_306' title='bbox 1179 2604 1283 2639; x_wconf 82' lang='lat' dir='ltr'>Folia</span> <span class='ocrx_word' id='word_1_307' title='bbox 1309 2605 1396 2638; x_wconf 87' lang='lat' dir='ltr'>laxe</span> <span class='ocrx_word' id='word_1_308' title='bbox 1422 2603 1632 2646; x_wconf 89' lang='lat' dir='ltr'>imbricata,</span> 
     </span>
     <span class='ocr_line' id='line_1_40' title="bbox 109 2660 1632 2709; baseline 0.002 -15"><span class='ocrx_word' id='word_1_309' title='bbox 109 2660 186 2695; x_wconf 83' lang='lat' dir='ltr'>fere</span> <span class='ocrx_word' id='word_1_310' title='bbox 212 2662 421 2704; x_wconf 80' lang='lat' dir='ltr'>verticalia,</span> <span class='ocrx_word' id='word_1_311' title='bbox 447 2665 669 2707; x_wconf 87' lang='lat' dir='ltr'>orbiculata,</span> <span class='ocrx_word' id='word_1_312' title='bbox 696 2664 1024 2709; x_wconf 86' lang='lat' dir='ltr'>hemisphaerico-</span> <span class='ocrx_word' id='word_1_313' title='bbox 1041 2674 1231 2706; x_wconf 83' lang='lat' dir='ltr'>convexa,</span> <span class='ocrx_word' id='word_1_314' title='bbox 1259 2663 1296 2698; x_wconf 93' lang='lat' dir='ltr'>in</span> <span class='ocrx_word' id='word_1_315' title='bbox 1323 2663 1433 2698; x_wconf 91' lang='lat' dir='ltr'>dorso</span> <span class='ocrx_word' id='word_1_316' title='bbox 1460 2664 1535 2697; x_wconf 83' lang='lat' dir='ltr'>late</span> <span class='ocrx_word' id='word_1_317' title='bbox 1560 2662 1632 2698; x_wconf 89' lang='lat' dir='ltr'>sibi</span> 
     </span>
     <span class='ocr_line' id='line_1_41' title="bbox 108 2719 1632 2767; baseline 0.002 -13"><span class='ocrx_word' id='word_1_318' title='bbox 108 2719 374 2763; x_wconf 81' lang='lat' dir='ltr'>incumbentia,</span> <span class='ocrx_word' id='word_1_319' title='bbox 401 2723 437 2756; x_wconf 90' lang='lat' dir='ltr'>in</span> <span class='ocrx_word' id='word_1_320' title='bbox 460 2729 586 2758; x_wconf 77' lang='lat' dir='ltr'>ventre</span> <span class='ocrx_word' id='word_1_321' title='bbox 614 2723 727 2758; x_wconf 90' lang='lat' dir='ltr'>lobuli</span> <span class='ocrx_word' id='word_1_322' title='bbox 757 2725 836 2758; x_wconf 91' lang='lat' dir='ltr'>loco</span> <span class='ocrx_word' id='word_1_323' title='bbox 865 2735 952 2758; x_wconf 87' lang='lat' dir='ltr'>arcu</span> <span class='ocrx_word' id='word_1_324' title='bbox 981 2723 1160 2758; x_wconf 88' lang='lat' dir='ltr'>continuo</span> <span class='ocrx_word' id='word_1_325' title='bbox 1187 2723 1354 2765; x_wconf 89' lang='lat' dir='ltr'>incurva,</span> <span class='ocrx_word' id='word_1_326' title='bbox 1382 2722 1632 2767; x_wconf 84' lang='lat' dir='ltr'>integerrima,</span> 
     </span>
     <span class='ocr_line' id='line_1_42' title="bbox 108 2781 1629 2826; baseline 0.002 -13"><span class='ocrx_word' id='word_1_327' title='bbox 108 2782 249 2821; x_wconf 82' lang='lat' dir='ltr'>tenuia,</span> <span class='ocrx_word' id='word_1_328' title='bbox 276 2782 364 2815; x_wconf 85' lang='lat' dir='ltr'>retis</span> <span class='ocrx_word' id='word_1_329' title='bbox 391 2783 547 2817; x_wconf 86' lang='lat' dir='ltr'>maculis</span> <span class='ocrx_word' id='word_1_330' title='bbox 575 2782 718 2826; x_wconf 82' lang='lat' dir='ltr'>magnis</span> <span class='ocrx_word' id='word_1_331' title='bbox 746 2787 781 2816; x_wconf 88' lang='lat' dir='ltr'>et</span> <span class='ocrx_word' id='word_1_332' title='bbox 807 2783 913 2824; x_wconf 87' lang='lat' dir='ltr'>altis,</span> <span class='ocrx_word' id='word_1_333' title='bbox 948 2787 989 2816; x_wconf 90' lang='lat' dir='ltr'>ut</span> <span class='ocrx_word' id='word_1_334' title='bbox 1015 2781 1145 2816; x_wconf 81' lang='lat' dir='ltr'>clathri</span> <span class='ocrx_word' id='word_1_335' title='bbox 1175 2782 1345 2817; x_wconf 82' lang='lat' dir='ltr'>foliorum</span> <span class='ocrx_word' id='word_1_336' title='bbox 1379 2795 1400 2817; x_wconf 86' lang='lat' dir='ltr'>a</span> <span class='ocrx_word' id='word_1_337' title='bbox 1427 2783 1542 2818; x_wconf 80' lang='lat' dir='ltr'>latere</span> <span class='ocrx_word' id='word_1_338' title='bbox 1568 2782 1629 2816; x_wconf 88' lang='lat' dir='ltr'>in-</span> 
     </span>
     <span class='ocr_line' id='line_1_43' title="bbox 108 2839 1632 2884; baseline 0.002 -12"><span class='ocrx_word' id='word_1_339' title='bbox 108 2839 226 2882; x_wconf 85' lang='lat' dir='ltr'>specti</span> <span class='ocrx_word' id='word_1_340' title='bbox 262 2840 410 2874; x_wconf 81' lang='lat' dir='ltr'>dorsum</span> <span class='ocrx_word' id='word_1_341' title='bbox 454 2841 532 2875; x_wconf 86' lang='lat' dir='ltr'>folii</span> <span class='ocrx_word' id='word_1_342' title='bbox 573 2841 851 2876; x_wconf 87' lang='lat' dir='ltr'>verruculosum</span> <span class='ocrx_word' id='word_1_343' title='bbox 898 2842 1078 2884; x_wconf 80' lang='lat' dir='ltr'>efficiant,</span> <span class='ocrx_word' id='word_1_344' title='bbox 1118 2841 1405 2877; x_wconf 83' lang='lat' dir='ltr'>intercalaribus</span> <span class='ocrx_word' id='word_1_345' title='bbox 1447 2840 1632 2877; x_wconf 85' lang='lat' dir='ltr'>distinctis</span> 
     </span>
     <span class='ocr_line' id='line_1_44' title="bbox 109 2898 1633 2948; baseline 0.001 -16"><span class='ocrx_word' id='word_1_346' title='bbox 109 2898 235 2940; x_wconf 88' lang='lat' dir='ltr'>parvis</span> <span class='ocrx_word' id='word_1_347' title='bbox 271 2899 575 2945; x_wconf 83' lang='lat' dir='ltr'>triangularibus.</span> <span class='ocrx_word' id='word_1_348' title='bbox 627 2900 893 2948; x_wconf 71' lang='lat' dir='ltr'>Amplzz&#39;yastt·ia</span> <span class='ocrx_word' id='word_1_349' title='bbox 927 2900 1081 2936; x_wconf 85' lang='lat' dir='ltr'>cuilibet</span> <span class='ocrx_word' id='word_1_350' title='bbox 1115 2900 1204 2936; x_wconf 86' lang='lat' dir='ltr'>folio</span> <span class='ocrx_word' id='word_1_351' title='bbox 1244 2901 1404 2945; x_wconf 81' lang='lat' dir='ltr'>tributa,</span> <span class='ocrx_word' id='word_1_352' title='bbox 1446 2900 1517 2936; x_wconf 87' lang='lat' dir='ltr'>hac</span> <span class='ocrx_word' id='word_1_353' title='bbox 1548 2899 1633 2945; x_wconf 85' lang='lat' dir='ltr'>ipsa</span> 
     </span>
    </p>
   </div>
  </div>
 </body>
</html>
