1824 3252
450 163 658 199 Podanthe.
712 164 1014 209 Plagiochasma.
1064 166 1313 203 Marchantia.
1570 174 1642 206 789

214 276 372 310 Frondes
404 281 651 321 aggregatae,
692 283 715 313 5
743 299 759 305 -
788 281 811 313 6
836 280 924 324 poll.
951 281 1068 322 altae,
1106 284 1258 323 tenues,
1298 282 1454 317 olivacei
1487 284 1639 320 coloris:

117 334 209 368 rami
238 336 479 378 alternantes,
506 337 743 381 pinnularum
771 340 956 383 margines
984 340 1223 384 integerrimi.
1277 341 1464 388 Calyptrae
1490 354 1640 377 crassae

115 397 151 434 2,
178 398 200 428 3
229 396 283 429 vel
310 395 435 438 plures
459 396 497 430 in
525 397 717 441 superiore
743 398 929 433 frondium
966 404 1071 444 parte
1106 401 1286 435 collectae
1319 407 1422 443 sunt-3
1460 413 1640 447 squamae

115 454 363 488 involucrales
397 456 541 490 steriles
574 457 612 491 in
646 457 804 491 diversis
831 457 1017 492 frondium
1057 459 1148 493 locis
1187 460 1346 494 diffusae
1379 466 1477 495 sunt.
1529 461 1641 495 Rami

115 514 232 547 multo
260 515 377 558 magis
404 515 566 559 elongati
593 520 628 550 et
654 517 773 559 magis
800 517 934 551 deflexi
962 529 1073 562 quarn
1109 518 1144 552 in
1172 519 1228 554 M.
1244 521 1389 564 fucoide
1421 525 1486 554 aut
1518 520 1554 554 in
1581 521 1637 554 M.

115 573 272 614 eric-vide,
300 578 336 608 et
362 575 553 618 calyptrae
581 575 700 619 magis
728 581 953 620 aggregatae
980 588 1092 621 quam
1119 578 1156 611 in
1182 579 1370 614 ulteriore.
1409 577 1570 623 (Tayl.l.
1587 583 1638 625 c.)

696 665 1055 711 Podanthe.

310 746 442 793 Taylor
466 747 504 780 in
531 746 642 780 Lond.
670 746 797 780 Journ.
824 746 868 791 qs
887 746 953 780 bot.
986 751 1089 782 1846.
1110 761 1148 794 p.
1176 753 1257 783 413.
1284 762 1319 784 n.
1346 753 1405 786 26.

210 806 357 840 Dioica.
409 806 527 840 Frons
555 806 635 839 basi
663 810 870 850 prostrata,
905 817 1058 850 porosa,
1095 809 1200 852 apice
1226 819 1445 853 squamosa,
1472 810 1637 854 squamis

112 864 319 899 imbricatis
346 866 523 899 recurvis.
576 865 873 909 Receptaculnm
902 866 1102 900 femineum
1132 867 1387 908 descendens,
1412 868 1552 903 lineare
1579 870 1637 903 vel

112 925 284 968 elongate
311 925 495 965 conicum,
523 925 668 958 radices
695 924 905 958 demittens.
947 924 1203 959 Perianthium
1231 926 1395 960 nullum?
1441 927 1636 961 Indusium

112 993 352 1028 squamosum
380 984 586 1019 terminale.
638 983 799 1018 Frondis
826 984 1056 1018 masculinae
1081 995 1261 1029 squamae
1281 986 1363 1019 basi
1390 987 1635 1028 ventricosae,

111 1045 288 1079 antherae
316 1043 560 1084 maiusculae‚
587 1043 815 1083 concolores,
843 1042 1282 1087 rotundato-oblongae,
1311 1045 1569 1088 pedicellatae.

402 1130 433 1160 ι.
484 1127 764 1161 Poaanthe
790 1128 1078 1170 squavnata
1103 1127 1240 1170 Taylor
1267 1128 1290 1162 l.
1319 1138 1351 1161 c.

300 1186 413 1218 Riccia
440 1195 615 1229 squamata
646 1184 777 1231 Taylor
802 1185 839 1218 in
865 1185 1097 1220 Drmmnoml.
1126 1187 1234 1220 Swan
1261 1187 1374 1221 River
1401 1187 1564 1234 Cryptogy.

207 1244 368 1279 Habitat
393 1244 492 1288 apud
520 1245 655 1278 flumen
684 1245 898 1288 Cygnorum
927 1244 1206 1289 (Drummond).

207 1302 368 1337 Plantae
395 1309 642 1347 aggregatae,
677 1307 700 1337 2
726 1323 748 1328 —
773 1306 796 1338 3
826 1303 889 1337 lin.
918 1304 1069 1348 longae,
1107 1304 1237 1339 fulvo·
1254 1305 1443 1340 olivaceae
1470 1306 1508 1340 in
1534 1310 1634 1340 statu

110 1361 232 1403 sicco,
271 1362 410 1396 virides
447 1367 483 1396 et
520 1363 694 1407 byalinae
728 1362 758 1396 si
794 1362 948 1396 humida
982 1367 1082 1398 sunt.
1145 1364 1353 1398 Dimidium
1390 1364 1545 1398 inferius
1578 1369 1635 1398 est

110 1421 211 1455 frons
239 1433 259 1454 e
293 1421 374 1454 basi
410 1428 571 1466 angusta
605 1422 758 1456 linearis
797 1423 852 1455 vel
886 1422 1171 1466 oblanceolata‚
1206 1423 1336 1458 leviter
1370 1423 1634 1464 canaliculata‚

109 1481 306 1524 superficie
331 1481 432 1525 poris
459 1482 591 1525 paucis
619 1481 755 1516 albidis
782 1481 1008 1516 distantibus
1043 1487 1197 1525 ornata;
1234 1482 1428 1517 dimidium
1462 1482 1634 1526 superius

108 1538 229 1581 primo
256 1539 491 1575 adscendens
519 1545 557 1576 et
591 1545 666 1575 tum
702 1541 888 1576 reclinans
925 1541 1162 1586 singulariter
1195 1552 1434 1586 squamosum
1468 1541 1635 1586 squamis

108 1598 320 1633 rotundatis
347 1600 514 1644 margine
542 1600 708 1635 recurvis
742 1606 779 1635 et
813 1604 999 1634 structura
1034 1605 1233 1644 punctata;
1273 1601 1371 1635 inter
1395 1610 1634 1644 squamarum

105 1667 175 1700 par
201 1658 395 1693 terminale
422 1664 459 1693 et
485 1660 689 1694 maximum
715 1663 739 1693 2
759 1680 774 1686 -
796 1662 819 1694 6
843 1660 1066 1705 squamulae
1094 1659 1312 1693 minutiores
1339 1663 1375 1693 et
1401 1658 1634 1702 angustiores

105 1717 348 1751 inveniuntur
376 1725 601 1762 aggregatae
628 1723 665 1753 et
690 1719 817 1762 paullo
844 1719 1043 1760 incurvae,
1080 1729 1174 1763 quas
1206 1719 1381 1753 indusium
1407 1718 1634 1753 constituere

107 1777 296 1810 crederem
333 1777 398 1811 sed
434 1778 572 1821 pis-tilla
608 1788 681 1812 non
715 1778 927 1813 observavi.
987 1779 1018 1812 E
1050 1782 1156 1821 parte
1192 1778 1432 1822 squamulosa
1464 1782 1633 1812 extrema

108 1836 225 1870 oritur
258 1836 493 1880 prolongatio
527 1847 547 1870 e
587 1841 692 1871 costa
725 1836 871 1879 media,
913 1837 1106 1878 radicans,
1153 1840 1341 1874 structura
1376 1840 1413 1870 et
1447 1836 1633 1880 positione

107 1895 267 1938 analoga
302 1896 540 1940 receptaculo
567 1896 812 1930 descendenti
847 1896 884 1930 in
917 1906 1053 1939 genere
1081 1894 1310 1941 Gymnantlze.
1360 1895 1538 1929 Antloerae
1570 1896 1628 1929 in-

104 1954 250 1988 terdum
277 1960 502 1998 aggregatae
528 1966 641 1999 supra
668 1959 810 1990 costam
835 1955 996 1989 mediam
1018 1960 1054 1988 et
1079 1954 1211 1988 iterum
1234 1954 1380 1998 singula
1403 1955 1500 1988 intra
1525 1955 1629 1988 basin

104 2013 354 2047 ventricosam
380 2015 599 2059 squamulae
627 2014 870 2059 perigonialis
899 2015 971 2049 sita
996 2014 1248 2051 inveniuntur.
1287 2014 1439 2057 (Taylor
1460 2014 1482 2047 l.
1509 2014 1559 2059 c.)

604 2095 1127 2153 Plagiochasma.

104 2174 141 2207 p.
168 2166 252 2198 520.
338 2166 394 2198 12.
433 2165 848 2210 Playiochasma
873 2165 1096 2198 Aitcmia
1123 2164 1241 2207 Ldbg.
1270 2167 1306 2197 et
1334 2163 1382 2199 N.
1408 2164 1455 2197 ab
1483 2163 1525 2197 E.

201 2221 354 2256 Patriae
381 2223 499 2257 adde:
529 2223 576 2256 ad
603 2223 736 2258 fretum
765 2223 969 2266 Magellan.
997 2223 1286 2268 (Commerson).

658 2304 1078 2348 Blarchantia.

103 2395 140 2428 p.
167 2386 250 2418 522.
302 2382 449 2417 Novam
490 2383 652 2427 speciem
693 2394 742 2417 ex
779 2383 952 2418 America
988 2384 1113 2418 attulit
1151 2383 1189 2418 in
1231 2383 1325 2418 libro
1369 2393 1437 2419 suo
1473 2383 1628 2425 „Musei

247 2441 551 2487 Alleyhanienses⁴⁶
579 2442 646 2477 cel.
674 2442 873 2477 Sullivant.

104 2539 143 2571 p.
168 2529 252 2561 522.
411 2528 443 2560 l.
494 2525 842 2560 Marc-hantia
862 2526 1215 2572 polymorpha
1240 2525 1322 2559 Lin.

200 2586 308 2621 Adde
337 2585 510 2619 Patriae:
555 2584 752 2619 Columbia
786 2584 850 2618 ubi
885 2584 974 2628 legit
1007 2595 1088 2620 eam
1116 2586 1161 2620 cl.
1190 2585 1326 2620 Moritz
1353 2583 1400 2619 ad
1429 2583 1623 2619 Coloniam

102 2647 226 2681 Tovar
253 2646 345 2690 (Hb.
373 2645 468 2688 Reg.
497 2645 620 2679 Berol.
650 2655 684 2677 n.
715 2646 813 2689 134).

102 2740 141 2774 p.
167 2731 252 2763 528.
354 2731 396 2762 10
419 2729 454 2762 b.
504 2728 849 2763 Mam-chautim
874 2727 1145 2762 disiuncta
1170 2727 1368 2762 Sullivant.

200 2786 258 2821 M.
292 2787 502 2833 receptaculo
530 2787 689 2833 femineo
724 2788 912 2822 excentrica
946 2788 1342 2834 subsepteno-racliato‚
1382 2788 1493 2822 radiis
1527 2789 1623 2834 apice

103 2845 438 2880 cuneata-dilatatis
470 2847 685 2891 emaryinato
701 2847 913 2882 -crenulatis
948 2847 1067 2882 subtus
1101 2849 1200 2882 dense
1233 2846 1405 2887 barbatis,
1447 2845 1621 2880 involucro

102 2905 391 2952 mono-{vicavpo
427 2905 732 2952 subinteyerrimo‚
770 2906 982 2953 receptaculo
1016 2906 1167 2942 masculo
1196 2906 1446 2942 semicirculari
1477 2913 1620 2954 septem-
