1824 3252
724 188 963 225 Madotheca.
1536 195 1608 228 263

92 304 241 350 reliquis
267 304 409 338 minora
436 302 641 337 arctissime
669 302 1050 338 disticho-imbricata
1076 302 1232 348 basique
1258 303 1398 345 inflata,
1424 315 1607 347 convexa,

91 365 136 399 ad
163 364 324 398 medium
351 374 467 408 usque
493 363 606 396 bifida
630 362 777 396 laciniis
804 362 1095 407 subaequalibus
1127 362 1271 397 obtusis
1298 364 1606 399 concaviusculis.

90 424 259 458 Stamina
284 423 467 464 axillaria,
494 422 638 466 singula
667 422 736 456 sub
760 421 907 466 singulo
927 421 1025 463 folio,
1053 422 1209 456 anthera
1228 422 1434 466 sphaerica,
1461 434 1608 466 crassa;

87 483 312 517 filamentum
342 483 464 517 breve.

185 556 290 589 Folia
314 555 465 596 incuba,
482 554 674 599 *profunde
704 553 839 594 bilche,
866 553 950 586 lobo
978 556 1137 597 utroque
1162 553 1286 597 plano,
1313 553 1478 588 inferove
1504 565 1604 588 mar-

90 614 174 657 gine
201 616 358 656 reflexo,
393 616 461 649 hoc
496 614 645 659 quidem
673 614 758 648 lobo
784 613 975 657 superiore
1002 612 1165 654 minore,
1200 613 1265 646 sed
1301 613 1608 657 amphigastrium

92 685 204 717 saepe
230 679 425 719 aequante.
477 673 755 718 Amphigastria
781 673 818 706 in
846 673 1018 706 omnibus
1046 672 1204 714 adsunt,
1240 672 1410 717 utrinque
1437 673 1473 706 in
1501 673 1608 707 caule

91 734 326 767 decurrentia
359 738 395 767 et
430 744 542 777 saepe
578 744 661 766 cum
697 733 821 767 lobulo
858 733 974 766 infero
1009 731 1086 766 folii
1120 732 1289 776 proxime
1323 732 1481 766 subiecti
1516 744 1604 777 pro-

91 792 232 827 iectura
259 804 326 827 sua
354 793 541 835 contigua,
570 792 667 825 cauli
694 792 873 836 adpressa
901 791 1144 835 niargineque
1173 802 1287 836 saepe
1314 794 1465 826 reflexa.

186 853 342 886 Plantae
370 852 584 896 rupincolae
610 855 675 884 aut
701 851 952 891 truncicolae,
986 851 1197 894 speciosae,
1236 852 1416 895 pinnatim
1453 862 1605 895 compo-

90 912 206 953 sitae,
244 910 521 953 decompositae
557 914 593 942 et
625 910 1037 954 supradecompositae‚
1076 910 1188 953 largis
1227 910 1351 943 stratis
1385 914 1608 951 crescentes,

90 972 202 1006 ramis
228 971 323 1004 infra
351 969 439 1003 folia
464 980 484 1003 e
512 969 628 1002 caulis
656 969 769 1002 latere
796 969 913 1003 infero
939 969 1216 1012 egredientibus
1242 970 1397 1004 obtusis.

185 1042 338 1086 Species
364 1041 401 1074 in
430 1041 644 1075 universum
670 1043 716 1074 36
752 1040 1073 1082 enumeravimus,
1118 1051 1273 1085 quarum
1309 1040 1450 1085 aliquot
1484 1040 1608 1074 dubiis

88 1101 282 1141 laborant,
309 1111 449 1145 eaeque
476 1105 562 1134 sunt
587 1101 610 1143 -Ξ-
634 1104 797 1134 notatae.
850 1100 993 1133 Harum
1032 1103 1155 1133 autem
1192 1099 1355 1134 omnium
1395 1100 1608 1134 distributio

87 1160 336 1204 geographica
361 1161 453 1194 haec
479 1165 553 1195 est:

184 1220 226 1253 In
255 1221 403 1264 Europa
428 1224 600 1254 crescunt
625 1223 668 1261 6,
703 1230 859 1264 quarum
887 1229 962 1251 una
989 1218 1248 1252 tantummodo
1280 1218 1366 1251 huic
1399 1217 1495 1262 parti
1529 1221 1604 1251 ter-

88 1290 209 1313 rarum
236 1280 384 1323 propria
419 1291 500 1313 esse
527 1280 674 1313 videtur
699 1280 780 1323 (M.
807 1278 1019 1322 rivularis),
1063 1277 1228 1321 reliquae
1260 1287 1390 1311 omnes
1425 1278 1536 1311 etiam
1570 1277 1608 1310 in

91 1339 260 1372 America
299 1338 577 1382 septentrionali
618 1339 863 1383 proveniunt,
912 1349 988 1371 una
1025 1336 1107 1379 (M.
1126 1336 1372 1383 platyphylla)
1413 1340 1609 1380 praeterea

87 1397 196 1431 etiam
223 1397 259 1430 in
288 1397 426 1432 Insulis
455 1399 625 1432 Canariis
652 1399 747 1432 lecta
774 1402 841 1432 est.

183 1469 226 1502 In
254 1469 426 1503 America
453 1470 733 1513 septentrionali
760 1472 907 1512 praeter
932 1471 956 1502 5
982 1468 1199 1511 Europaeas
1226 1479 1339 1511 supra
1371 1471 1607 1509 memoratas,

86 1530 108 1560 2
136 1527 231 1560 aliae
257 1532 441 1570 crescunt,
476 1530 535 1563 his
563 1529 668 1563 terris
696 1527 881 1572 propriae.
940 1527 1079 1561 Insulis
1108 1527 1279 1561 Canariis
1310 1530 1324 1560 1
1354 1531 1411 1561 est
1436 1528 1606 1571 propria3

89 1586 313 1630 Abyssiniae
354 1591 390 1628 Ι;
438 1589 696 1623 Promontorio
733 1588 861 1621 Bonae
894 1586 984 1630 Spei
1014 1590 1053 1627 l;
1094 1586 1245 1620 Insulae
1280 1587 1532 1630 Madagascar
1568 1589 1607 1627 l;

89 1645 270 1689 Nepaliae
306 1652 342 1681 et
378 1647 637 1690 Neelgherries
670 1651 691 1681 7
727 1650 815 1681 sunt
850 1645 1014 1690 species;
1053 1645 1249 1680 Americae
1282 1646 1448 1690 tropicae
1482 1645 1604 1680 conti-

87 1705 187 1738 nenti
223 1706 390 1740 calidiori
425 1709 447 1740 7
480 1706 713 1748 tribuuntun
753 1704 947 1740 Americae
982 1708 1211 1748 temperatae
1242 1704 1403 1749 iugoque
1428 1703 1608 1737 montium

83 1762 267 1807 (Mexicm
295 1765 413 1809 Chile)
440 1769 482 1807 6;
507 1766 700 1800 Jamaicae
724 1769 766 1806 2;
795 1765 926 1800 Novae
954 1764 1181 1798 Zeelandiae
1210 1768 1240 1798 1.

396 1875 426 1906 l.
478 1873 797 1908 Madotheca
827 1871 1111 1917 liqulffera
1148 1871 1296 1914 Taylor.

180 1942 236 1975 M.
271 1942 368 1976 caule
409 1950 541 1988 repente
582 1945 692 1977 ramis
718 1944 897 1989 pinnatis,
924 1942 1030 1989 foliis
1067 1942 1479 1987 m-ato-triauyzdaribus‚
1517 1944 1610 1989 apice

82 2001 398 2047 spinoso-dentatis
422 2001 603 2046 (dentibus
628 2001 655 2036 5
668 2023 682 2028 -
699 2002 750 2048 8)
782 2004 938 2047 πιανῃὲηε
961 2002 1124 2048 inferiori
1159 2009 1309 2036 ventrem
1343 2015 1457 2036 versus
1487 2003 1610 2048 inflexo

83 2061 239 2105 ‘tnaryiue
272 2063 443 2108 superiori
474 2061 651 2108 (dorsali)
688 2064 853 2109 repcmd0,
897 2062 1007 2096 Iobulo
1041 2074 1144 2108 parce
1181 2063 1317 2096 dentato
1354 2063 1609 2108 diversfformi-

84 2119 222 2165 oblonyo
246 2123 404 2167 adpresso
429 2122 599 2168 reflexove,
625 2123 887 2168 amphiyastriis
904 2123 1203 2168 ovato-quadratis
1216 2119 1456 2155 canaliculato
1464 2126 1609 2165 propter

84 2179 193 2213 caulis
216 2181 426 2226 amplarum,
451 2182 547 2227 apice
569 2183 879 2216 serrato-dentatis
901 2181 1114 2228 subreflem's,
1131 2182 1261 2227 fructu
1287 2182 1321 2215 in
1349 2179 1495 2213 ramulis
1521 2178 1607 2213 late-

84 2237 216 2270 ralibus
239 2252 256 2272 e
280 2240 372 2273 cauli
391 2241 566 2286 primario
584 2243 894 2287 proqredienffbus,
914 2242 1114 2288 periantln'o
1142 2267 1150 2274 .
1178 2267 1187 2275 .
1215 2267 1222 2274 .

276 2312 481 2344 Madotheca
530 2315 697 2355 ligulIsera
751 2313 882 2360 Tuylor
918 2313 1036 2347 Lehm.
1083 2314 1177 2357 Puy.
1210 2312 1263 2359 pl.
1314 2312 1427 2346 VIII.
1472 2324 1512 2357 p.
1553 2314 1607 2345 10.

363 2370 523 2405 Gott'selze
550 2372 644 2406 Ieme.
671 2372 802 2418 Hepat.
829 2374 946 2407 inedit.

182 2440 342 2476 Habitat
368 2442 405 2476 in
436 2442 614 2486 Nepalia.
666 2444 909 2488 Exemplaria
935 2444 1096 2479 vidimus
1123 2444 1159 2478 in
1188 2444 1264 2478 Hb.
1293 2441 1544 2477 Grevilleano.

182 2514 304 2549 Caedes
329 2514 756 2559 tri-quadripollicares‚
785 2516 896 2550 ramis
924 2515 1259 2560 semipollicaribus
1284 2515 1411 2559 paullo
1435 2513 1608 2548 decurvis

87 2575 304 2617 regulariter
348 2574 557 2608 alternatim
596 2573 763 2617 pinnati,
810 2575 934 2618 pinnis
972 2586 1056 2610 raro
1102 2576 1234 2609 iterum
1269 2574 1454 2618 pinnatis,
1501 2570 1606 2605 basin

87 2644 216 2667 versus
253 2634 348 2668 foliis
395 2633 580 2675 disthuti,
635 2635 693 2668 vel
731 2640 982 2669 emortuorum
1020 2635 1241 2670 rudimentis
1279 2638 1424 2668 tantum
1468 2631 1606 2666 vestiti.

89 2690 194 2725 Folia
220 2694 634 2737 ovato-triangularia,
675 2694 755 2728 basi
782 2695 921 2729 dorsali
959 2696 1078 2730 caulis
1113 2694 1348 2730 latitudinem
1383 2703 1456 2727 non
1489 2700 1603 2724 exce-

90 2749 230 2790 dentia,
264 2751 430 2794 margine
455 2753 593 2787 dorsali
620 2758 774 2788 arcuato
800 2756 966 2799 repando
992 2766 1121 2790 versus
1144 2755 1289 2799 apicem
1314 2750 1606 2790 4-5-dentato‚

93 2809 259 2852 margine
285 2810 440 2844 ventrali
468 2812 691 2847 rectiusculo
717 2813 831 2849 limbo
863 2815 966 2849 tenui
1000 2815 1153 2850 dorsum
1192 2814 1268 2848 folii
1305 2821 1434 2846 versus
1466 2809 1606 2843 reflexo

92 2867 322 2912 emarginato
342 2869 484 2913 apicem
502 2881 630 2905 versus
659 2873 943 2915 bi-tridentat03
972 2875 1118 2909 lobulus
1145 2871 1476 2913 ovato-oblongus,
1503 2878 1602 2901 mar-

94 2928 181 2972 gine
219 2928 338 2972 magis
375 2929 544 2965 minusve
582 2932 763 2966 interdum
805 2933 919 2966 etiam
959 2934 1065 2978 apice
1107 2933 1285 2972 reflexus,
1330 2941 1404 2965 uno
1442 2929 1605 2964 alterove
