1824 3252
731 189 1041 234 sangermannia.
1572 196 1647 229 66⁸7

127 300 278 345 oblonyis
321 300 436 345 bifidis
477 303 654 347 seymentz's
698 302 895 337 lanceolatz's
937 303 1122 349 apiculatis
1158 304 1406 350 inteyerrz'mz's,
1447 305 1647 351 perianthz'o

128 361 302 395 terminali
320 360 592 406 oblonyo—ovato
610 361 744 408 plicato
767 364 864 408 apice
888 369 1059 397 coarctato
1082 363 1255 407 multifido
1276 364 1646 401 eiliato-clenticulato.

318 423 588 463 Jungermannia
625 423 825 465 biapiculata
863 421 994 467 Toylor
1020 422 1113 467 Hep.
1139 429 1290 457 antarct.
1317 424 1354 457 in
1380 424 1491 458 Lond-
1516 424 1645 459 Journ-

405 480 449 525 0f
467 480 533 514 bot.
561 483 664 515 1845.
686 493 724 526 p.
752 483 810 515 81.
835 493 869 513 n.
896 484 931 514 6.

226 539 387 574 Habitat
412 540 448 573 in
476 539 605 574 Insula
633 539 901 575 Acis-censionis
926 540 1098 583 (Hooker
1119 540 1236 584 jun.)-

226 598 363 633 Caules
390 598 476 633 laxe
504 599 731 644 eaespitosi,
757 600 890 639 erecti,
917 599 1187 634 adscendentes
1213 599 1307 632 inter
1332 598 1508 644 Muscos,
1541 601 1649 646 apice

128 655 258 691 leviter
294 658 458 700 incurvi,
498 659 635 702 pallide
662 660 842 702 olivacei,
885 660 1021 693 novelli
1060 659 1223 692 iuniores
1261 659 1446 693 interdum
1482 664 1648 694 saturare

127 716 286 759 virides3
313 717 404 751 rami
433 719 554 762 pauci.
608 719 712 753 Folia
739 721 813 753 fere
839 730 1052 764 squamosa,
1079 722 1203 752 tamen
1230 718 1464 760 homomalla‚
1491 720 1648 763 abrupte

128 775 330 819 apiculam,
359 777 439 811 basi
466 789 631 812 concava
658 784 694 812 et
720 781 741 822 ἦ
768 779 886 813 caulis
912 783 1056 822 partem
1084 778 1171 811 laxe
1190 778 1465 822 amplexantia;
1492 779 1648 814 cellulae

132 835 417 870 minutissimae.
468 837 573 872 Folia
599 838 842 873 involucralia
870 843 1007 879 erecta,
1036 842 1135 871 arcte
1162 837 1371 880 perianthio
1398 838 1588 881 adpressa.

226 895 388 939 Propius
426 897 573 930 accedit
607 898 654 931 ad
680 899 791 944 Juny.
812 899 997 945 piliyeram
1035 910 1055 931 e
1089 897 1206 938 Java,
1251 897 1357 931 cuius
1390 898 1476 931 solia
1511 897 1649 931 habent

130 958 324 995 segmenta
352 954 471 998 magis
498 956 710 1002 inaequalia
736 957 884 1001 apiculo
910 958 1052 991 minore
1079 960 1116 991 et
1141 957 1284 990 cellulis
1304 957 1425 991 adhuc
1442 957 1648 991 minoribus

127 1013 344 1056 gaudentia.

134 1096 169 1129 p.
198 1087 256 1119 81.
431 1088 485 1119 14.
525 1086 964 1132 Junqevrman‘nae‘a
988 1086 1339 1121 schismoicles.

129 1144 238 1179 Adde
265 1145 426 1188 Synon.:
457 1146 559 1192 Tayl.
582 1148 676 1193 Hep.
701 1153 853 1180 amaret.
882 1147 916 1179 ιή
942 1146 1053 1179 Lond.
1072 1146 1199 1179 Journ.
1227 1146 1270 1189 {gf
1289 1145 1353 1180 hot.
1384 1147 1486 1180 1844.
1509 1157 1548 1191 p.
1566 1148 1649 1180 375.

405 1217 439 1239 η.
470 1208 525 1239 18.
552 1226 598 1230 —-
633 1206 828 1250 Momayne
857 1205 988 1250 Voyaffe
1014 1217 1061 1238 αιι
1088 1204 1177 1237 ΡῦΙε
1204 1205 1291 1238 Sad.
1319 1205 1348 1238 I.
1373 1217 1410 1250 p.
1437 1208 1519 1239 258.
1548 1215 1603 1249 sq.

225 1262 387 1297 Habitat
416 1264 527 1298 etiam
555 1265 593 1298 in
620 1265 760 1298 Insulis
787 1264 1010 1306 Campbellii
1038 1269 1074 1297 et
1101 1263 1325 1297 Aucklandii
1353 1264 1627 1308 (Hook.jun.).

129 1353 167 1386 p.
196 1345 235 1376 81
437 1348 492 1379 15.
528 1344 966 1391 Junyermaoenu‘a
990 1344 1374 1390 involutifolia.

129 1401 259 1437 Adde:
300 1403 491 1449 Illontagsne
522 1404 655 1450 Voyaye
682 1417 728 1438 au
755 1404 844 1437 Pale
870 1405 956 1438 διαί.
985 1404 1016 1437 Ι.
1038 1416 1077 1449 p.
1103 1407 1187 1438 259.

127 1493 163 1526 p.
191 1485 248 1518 81.
331 1487 375 1518 15
391 1485 426 1519 b.
452 1485 888 1531 sanger-mannia
912 1485 974 1528 (3)
1001 1484 1317 1529 creba-{falfa
1342 1484 1499 1527 Tayhet
1513 1483 1650 1526 Hk.jr.

224 1542 263 1577 J.
291 1543 384 1577 caule
408 1546 591 1590 caespicoso
617 1552 729 1579 erecto
753 1556 899 1584 ramoso,
926 1542 1076 1577 surculis
1098 1543 1329 1577 erectiusculis
1342 1543 1447 1588 soliis
1463 1541 1654 1576 imbricatis

129 1602 247 1634 erectis
271 1604 425 1636 secundis
449 1605 602 1638 concavis
627 1604 954 1638 ovato-rotzmclalis
980 1602 1116 1643 bilvhz's‚
1151 1602 1235 1636 labis
1267 1604 1376 1636 oratis
1405 1602 1532 1635 obtusis
1564 1602 1652 1634 inte-

130 1660 295 1703 yerrimis
322 1662 482 1706 inferiori
509 1664 635 1697 minori
661 1663 734 1697 basi
759 1662 941 1703 laciniam,
963 1662 1163 1708 periantlzio
1189 1661 1331 1696 laterali
1353 1661 1491 1695 obovato
1512 1659 1651 1706 plicato,

133 1730 191 1752 ore
215 1721 360 1754 searioso
386 1721 549 1755 laviniaco
575 1722 713 1756 laciniis
739 1722 946 1756 lanceolatis.

324 1782 593 1824 Jungeimanuia
629 1783 826 1814 crebrisolia
864 1780 966 1826 Toyl.
1002 1780 1094 1825 Hep.
1129 1785 1277 1814 tentaret.
1312 1778 1350 1812 in
1382 1778 1494 1812 Lond.
1525 1777 1654 1811 Journ.

410 1840 455 1884 [gf
472 1839 538 1874 bol.
567 1844 670 1875 1844.
691 1854 730 1887 p.
756 1843 840 1873 467.
867 1851 902 1873 η.
930 1842 989 1873 29.

230 1897 390 1932 Habitat
415 1898 452 1932 in
481 1899 746 1934 Promontorio
773 1899 878 1933 Horn
905 1897 1077 1940 (Hooker
1096 1897 1210 1942 jum).

231 1957 405 2003 Caespites
431 1958 560 2000 densi,
597 1958 812 1993 ruso-fusci.
865 1957 990 1991 caules
1016 1957 1091 1990 sere
1120 1955 1345 1996 biunciales‚
1381 1954 1469 1989 sicci
1495 1954 1656 1997 fragiles,

133 2014 386 2057 irregulariter
414 2018 563 2058 ramosi,
591 2018 703 2051 ramis
729 2017 861 2051 iterum
891 2015 1047 2050 ramosis
1075 2015 1180 2059 apice
1207 2014 1510 2049 subincrassatis.
1549 2014 1656 2048 Folia

132 2081 231 2110 arete
265 2076 483 2119 imbricata,
529 2077 567 2110 in
609 2082 708 2111 statu
751 2082 826 2110 tam
860 2077 960 2111 sicco
996 2086 1107 2120 quam
1144 2075 1295 2109 humido
1333 2079 1475 2114 erecta;
1519 2073 1656 2107 lacinia

130 2134 299 2177 superior
325 2135 463 2177 maior,
500 2136 651 2170 inferior
678 2136 758 2169 basi
785 2146 898 2179 saepe
924 2133 1163 2168 transversim
1190 2145 1301 2178 super
1327 2133 1471 2166 caulem
1498 2137 1655 2166 extensa

130 2193 347 2238 ibidemque
383 2195 508 2228 lobulo
543 2195 621 2229 sive
657 2195 767 2229 dente
801 2193 1000 2228 latiusculo
1032 2193 1242 2227 lanceolato
1269 2196 1391 2226 aucta.
1442 2190 1656 2224 Periantlzia

132 2251 297 2293 minuta,
331 2253 369 2286 in
398 2253 516 2286 latere
551 2254 689 2287 surculi
717 2264 785 2287 ceu
811 2251 1086 2297 prominentia-2
1112 2262 1252 2296 parvae
1277 2256 1313 2285 et
1338 2250 1403 2285 vix
1429 2250 1655 2294 conspicuae

131 2310 325 2355 disposita.
377 2312 432 2346 Os
455 2312 653 2354 periantbii
682 2312 861 2352 albidum,
889 2311 1107 2345 scariosum.

229 2370 408 2404 Proxime
428 2371 546 2404 affinis
572 2374 628 2404 est
649 2371 742 2404 haec
769 2370 914 2415 species
931 2369 1229 2414 szyermamziae
1253 2369 1469 2414 cryplodonti
1485 2369 1654 2413 (Wilson

132 2430 291 2474 Mspt.)‚
336 2442 358 2464 a
392 2431 578 2465 Mathews
615 2441 731 2475 prope
769 2430 940 2463 Pilzhum
973 2429 1010 2462 in
1051 2428 1224 2463 Andibus
1262 2428 1483 2462 Columbiae
1521 2429 1652 2463 lectae.

133 2489 178 2523 In
214 2494 373 2535 utraque
406 2491 531 2534 specie
567 2490 715 2524 lobulus
750 2500 888 2533 parvus
921 2488 1092 2523 occultus
1133 2487 1170 2521 in
1197 2497 1341 2520 summa
1374 2487 1493 2522 fronte
1518 2488 1654 2523 baseos

132 2547 209 2584 solii
251 2550 535 2594 amplexicaulis
579 2548 775 2593 prominet.
843 2548 945 2582 Satis
989 2551 1113 2581 tamen
1160 2546 1307 2580 differre
1348 2550 1475 2580 nostra
1506 2546 1654 2580 videtur

134 2611 277 2642 statura
314 2609 478 2650 maiore,
528 2608 625 2643 soliis
662 2608 782 2651 magis
815 2606 1021 2641 imbricatis
1055 2606 1282 2649 erectisque,
1327 2605 1452 2639 lobulo
1487 2603 1653 2638 infcriori

134 2666 265 2701 minori
285 2668 484 2712 lobuloque
506 2668 714 2702 accessorio
739 2671 866 2701 contra
888 2667 994 2709 longe
1020 2665 1137 2707 magis
1160 2664 1374 2708 conspicuo.
1425 2664 1542 2707 (Tayl.
1559 2663 1582 2697 1.
1603 2663 1654 2708 c.)

229 2727 260 2761 A
274 2727 298 2760 d
310 2738 331 2761 n
343 2731 402 2762 ot.
441 2728 597 2771 Species
612 2729 704 2761 haec
719 2731 756 2761 et
773 2734 932 2769 sequens
946 2735 1017 2758 non
1034 2724 1104 2758 nisi
1123 2735 1207 2758 cum
1223 2723 1338 2757 dubio
1353 2723 1412 2757 hic
1425 2723 1651 2757 inceruntur.

132 2820 169 2853 p.
197 2811 253 2844 81.
356 2812 401 2843 15
415 2821 447 2844 c.
476 2810 535 2854 (ἵ)
562 2808 997 2856 Junyermcmnia
1021 2808 1313 2854 cryptoaon
1337 2805 1486 2840 Wilson
1512 2805 1628 2849 Mspt.

323 2870 590 2911 Jungermannia
617 2870 808 2914 cryptodon
836 2866 967 2901 Wilsrm
980 2867 1093 2912 Mspt.
1110 2866 1213 2911 Tayl.
1240 2866 1262 2900 l.
1289 2878 1317 2900 c,
1345 2867 1382 2900 in
1405 2865 1522 2898 adnot.

229 2926 384 2971 Species
411 2938 483 2962 non
508 2928 580 2962 nisi
607 2928 756 2963 nomine
782 2926 944 2971 cognita.
