<?xml version="1.0" encoding="UTF-8"?>
<!DOCTYPE html PUBLIC "-//W3C//DTD XHTML 1.0 Transitional//EN"
    "http://www.w3.org/TR/xhtml1/DTD/xhtml1-transitional.dtd">
<html xmlns="http://www.w3.org/1999/xhtml" xml:lang="en" lang="en">
 <head>
  <title>
</title>
<meta http-equiv="Content-Type" content="text/html;charset=utf-8" />
  <meta name='ocr-system' content='tesseract 3.04.00' />
  <meta name='ocr-capabilities' content='ocr_page ocr_carea ocr_par ocr_line ocrx_word'/>
</head>
<body>
  <div class='ocr_page' id='page_1' title='image "./synopsishepatica00gott_0549.png"; bbox 0 0 1824 3252; ppageno 0'>
   <div class='ocr_carea' id='block_1_1' title="bbox 755 184 1663 227">
    <p class='ocr_par' dir='ltr' id='par_1_1' title="bbox 755 184 1663 227">
     <span class='ocr_line' id='line_1_1' title="bbox 755 184 1663 227; baseline -0.003 -9"><span class='ocrx_word' id='word_1_1' title='bbox 755 184 1051 227; x_wconf 78' lang='lat' dir='ltr'>Plagiochasma.</span> <span class='ocrx_word' id='word_1_2' title='bbox 1592 185 1663 215; x_wconf 70' lang='lat'>515</span> 
     </span>
    </p>
   </div>
   <div class='ocr_carea' id='block_1_2' title="bbox 133 293 1660 2335">
    <p class='ocr_par' dir='ltr' id='par_1_2' title="bbox 143 293 1660 461">
     <span class='ocr_line' id='line_1_2' title="bbox 241 293 1659 338; baseline -0.005 -4"><span class='ocrx_word' id='word_1_3' title='bbox 241 300 284 334; x_wconf 87' lang='lat' dir='ltr'>In</span> <span class='ocrx_word' id='word_1_4' title='bbox 314 297 474 333; x_wconf 86' lang='lat' dir='ltr'>Peruvia</span> <span class='ocrx_word' id='word_1_5' title='bbox 504 297 549 330; x_wconf 90' lang='lat' dir='ltr'>ad</span> <span class='ocrx_word' id='word_1_6' title='bbox 578 300 715 330; x_wconf 89' lang='lat' dir='ltr'>terram</span> <span class='ocrx_word' id='word_1_7' title='bbox 750 297 840 331; x_wconf 88' lang='lat' dir='ltr'>locis</span> <span class='ocrx_word' id='word_1_8' title='bbox 868 295 1045 329; x_wconf 80' lang='lat' dir='ltr'>montosis</span> <span class='ocrx_word' id='word_1_9' title='bbox 1081 294 1163 328; x_wconf 91' lang='lat' dir='ltr'>udis</span> <span class='ocrx_word' id='word_1_10' title='bbox 1191 293 1378 338; x_wconf 79' lang='lat' dir='ltr'>sylvarum</span> <span class='ocrx_word' id='word_1_11' title='bbox 1407 293 1501 326; x_wconf 86' lang='lat' dir='ltr'>iuter</span> <span class='ocrx_word' id='word_1_12' title='bbox 1529 294 1659 337; x_wconf 58' lang='lat' dir='ltr'>Cliupt&#39;»</span> 
     </span>
     <span class='ocr_line' id='line_1_3' title="bbox 143 352 1660 401; baseline -0.004 -8"><span class='ocrx_word' id='word_1_13' title='bbox 143 364 178 393; x_wconf 87' lang='lat' dir='ltr'>et</span> <span class='ocrx_word' id='word_1_14' title='bbox 205 359 419 392; x_wconf 74' lang='lat' dir='ltr'>Janacache</span> <span class='ocrx_word' id='word_1_15' title='bbox 447 357 661 401; x_wconf 87' lang='lat' dir='ltr'>provinciae</span> <span class='ocrx_word' id='word_1_16' title='bbox 688 357 846 400; x_wconf 87' lang='lat' dir='ltr'>Yungas</span> <span class='ocrx_word' id='word_1_17' title='bbox 871 354 1095 399; x_wconf 75' lang='lat' dir='ltr'>(d&#39;Orbigny</span> <span class='ocrx_word' id='word_1_18' title='bbox 1122 354 1159 387; x_wconf 89' lang='lat' dir='ltr'>in</span> <span class='ocrx_word' id='word_1_19' title='bbox 1178 352 1364 387; x_wconf 89' lang='lat' dir='ltr'>Hb.Mus.</span> <span class='ocrx_word' id='word_1_20' title='bbox 1382 352 1502 387; x_wconf 86' lang='lat' dir='ltr'>Paris.</span> <span class='ocrx_word' id='word_1_21' title='bbox 1521 357 1660 394; x_wconf 71' lang='lat' dir='ltr'>n.218;</span> 
     </span>
     <span class='ocr_line' id='line_1_4' title="bbox 145 412 1658 461; baseline -0.003 -10"><span class='ocrx_word' id='word_1_22' title='bbox 145 418 218 450; x_wconf 87' lang='lat' dir='ltr'>Hb.</span> <span class='ocrx_word' id='word_1_23' title='bbox 236 418 301 457; x_wconf 90' lang='grc' dir='ltr'>Μ.,</span> <span class='ocrx_word' id='word_1_24' title='bbox 322 418 396 461; x_wconf 90' lang='lat' dir='ltr'>Hp.</span> <span class='ocrx_word' id='word_1_25' title='bbox 412 421 448 451; x_wconf 86' lang='lat' dir='ltr'>et</span> <span class='ocrx_word' id='word_1_26' title='bbox 467 416 550 461; x_wconf 89' lang='lat' dir='ltr'>N.);</span> <span class='ocrx_word' id='word_1_27' title='bbox 580 416 739 449; x_wconf 88' lang='lat' dir='ltr'>Peruvia</span> <span class='ocrx_word' id='word_1_28' title='bbox 757 416 795 450; x_wconf 92' lang='lat' dir='ltr'>in</span> <span class='ocrx_word' id='word_1_29' title='bbox 814 420 924 454; x_wconf 82' lang='lat' dir='ltr'>terra,</span> <span class='ocrx_word' id='word_1_30' title='bbox 952 413 1090 447; x_wconf 81' lang='lat' dir='ltr'>muscis</span> <span class='ocrx_word' id='word_1_31' title='bbox 1116 413 1311 447; x_wconf 89' lang='lat' dir='ltr'>instratum</span> <span class='ocrx_word' id='word_1_32' title='bbox 1328 412 1422 455; x_wconf 88' lang='lat' dir='ltr'>(Hb.</span> <span class='ocrx_word' id='word_1_33' title='bbox 1438 412 1511 455; x_wconf 88' lang='lat' dir='ltr'>Hp.</span> <span class='ocrx_word' id='word_1_34' title='bbox 1532 417 1568 447; x_wconf 89' lang='lat' dir='ltr'>et</span> <span class='ocrx_word' id='word_1_35' title='bbox 1582 413 1658 455; x_wconf 91' lang='lat' dir='ltr'>N.).</span> 
     </span>
    </p>

    <p class='ocr_par' dir='ltr' id='par_1_3' title="bbox 133 472 1659 2218">
     <span class='ocr_line' id='line_1_5' title="bbox 239 472 1657 518; baseline -0.003 -9"><span class='ocrx_word' id='word_1_36' title='bbox 239 476 395 510; x_wconf 79' lang='lat' dir='ltr'>Fromles</span> <span class='ocrx_word' id='word_1_37' title='bbox 422 477 457 509; x_wconf 89' lang='lat' dir='ltr'>in</span> <span class='ocrx_word' id='word_1_38' title='bbox 485 474 685 518; x_wconf 83' lang='lat' dir='ltr'>caespitem</span> <span class='ocrx_word' id='word_1_39' title='bbox 713 474 842 514; x_wconf 85' lang='lat' dir='ltr'>viridi,</span> <span class='ocrx_word' id='word_1_40' title='bbox 880 477 973 513; x_wconf 89' lang='lat' dir='ltr'>atro,</span> <span class='ocrx_word' id='word_1_41' title='bbox 1007 482 1195 516; x_wconf 86' lang='lat' dir='ltr'>purpureo</span> <span class='ocrx_word' id='word_1_42' title='bbox 1223 472 1402 515; x_wconf 87' lang='lat' dir='ltr'>fuscoque</span> <span class='ocrx_word' id='word_1_43' title='bbox 1429 472 1657 514; x_wconf 81' lang='lat' dir='ltr'>variegatuin</span> 
     </span>
     <span class='ocr_line' id='line_1_6' title="bbox 142 529 1658 578; baseline -0.001 -11"><span class='ocrx_word' id='word_1_44' title='bbox 142 535 390 577; x_wconf 81' lang='lat' dir='ltr'>consociatae,</span> <span class='ocrx_word' id='word_1_45' title='bbox 406 534 604 578; x_wconf 84' lang='lat' dir='ltr'>simplices,</span> <span class='ocrx_word' id='word_1_46' title='bbox 632 545 715 568; x_wconf 91' lang='lat' dir='ltr'>raro</span> <span class='ocrx_word' id='word_1_47' title='bbox 744 533 921 573; x_wconf 83' lang='lat' dir='ltr'>bifurcae,</span> <span class='ocrx_word' id='word_1_48' title='bbox 949 532 1271 572; x_wconf 85' lang='lat' dir='ltr'>membranaceae,</span> <span class='ocrx_word' id='word_1_49' title='bbox 1299 541 1366 564; x_wconf 88' lang='lat' dir='ltr'>sex</span> <span class='ocrx_word' id='word_1_50' title='bbox 1383 529 1428 562; x_wconf 87' lang='lat' dir='ltr'>ad</span> <span class='ocrx_word' id='word_1_51' title='bbox 1445 535 1527 564; x_wconf 89' lang='lat' dir='ltr'>octo</span> <span class='ocrx_word' id='word_1_52' title='bbox 1543 530 1658 565; x_wconf 86' lang='lat' dir='ltr'>lineas</span> 
     </span>
     <span class='ocr_line' id='line_1_7' title="bbox 143 588 1658 638; baseline -0.003 -10"><span class='ocrx_word' id='word_1_53' title='bbox 143 595 289 638; x_wconf 83' lang='lat' dir='ltr'>longae,</span> <span class='ocrx_word' id='word_1_54' title='bbox 317 594 412 627; x_wconf 78' lang='lat' dir='ltr'>duas</span> <span class='ocrx_word' id='word_1_55' title='bbox 438 594 557 626; x_wconf 89' lang='lat' dir='ltr'>lineas</span> <span class='ocrx_word' id='word_1_56' title='bbox 585 593 696 632; x_wconf 84' lang='lat' dir='ltr'>latae,</span> <span class='ocrx_word' id='word_1_57' title='bbox 723 590 1081 633; x_wconf 80' lang='lat' dir='ltr'>lineari-oblongae,</span> <span class='ocrx_word' id='word_1_58' title='bbox 1109 590 1216 634; x_wconf 89' lang='lat' dir='ltr'>apice</span> <span class='ocrx_word' id='word_1_59' title='bbox 1243 588 1463 632; x_wconf 77' lang='lat' dir='ltr'>ampliatae,</span> <span class='ocrx_word' id='word_1_60' title='bbox 1500 589 1658 624; x_wconf 86' lang='lat' dir='ltr'>breviter</span> 
     </span>
     <span class='ocr_line' id='line_1_8' title="bbox 144 647 1657 696; baseline -0.002 -10"><span class='ocrx_word' id='word_1_61' title='bbox 144 654 398 696; x_wconf 70' lang='lat' dir='ltr'>emarginatae</span> <span class='ocrx_word' id='word_1_62' title='bbox 436 656 473 685; x_wconf 89' lang='lat' dir='ltr'>et</span> <span class='ocrx_word' id='word_1_63' title='bbox 514 650 846 694; x_wconf 82' lang='lat' dir='ltr'>prolificationibus</span> <span class='ocrx_word' id='word_1_64' title='bbox 889 648 1022 682; x_wconf 84' lang='lat' dir='ltr'>annuis</span> <span class='ocrx_word' id='word_1_65' title='bbox 1069 659 1114 682; x_wconf 86' lang='lat' dir='ltr'>ex</span> <span class='ocrx_word' id='word_1_66' title='bbox 1163 647 1441 690; x_wconf 83' lang='lat' dir='ltr'>emarginatura</span> <span class='ocrx_word' id='word_1_67' title='bbox 1491 648 1657 683; x_wconf 84' lang='lat' dir='ltr'>oriundis</span> 
     </span>
     <span class='ocr_line' id='line_1_9' title="bbox 143 704 1657 751; baseline -0.001 -7"><span class='ocrx_word' id='word_1_68' title='bbox 143 712 382 751; x_wconf 83' lang='lat' dir='ltr'>innovantes,</span> <span class='ocrx_word' id='word_1_69' title='bbox 432 714 510 743; x_wconf 90' lang='lat' dir='ltr'>tum</span> <span class='ocrx_word' id='word_1_70' title='bbox 545 707 1094 748; x_wconf 86' lang='lat' dir='ltr'>constricto·subarticulatae‚</span> <span class='ocrx_word' id='word_1_71' title='bbox 1137 717 1250 749; x_wconf 89' lang='lat' dir='ltr'>supra</span> <span class='ocrx_word' id='word_1_72' title='bbox 1287 704 1657 750; x_wconf 84' lang='lat' dir='ltr'>viridi-purpureae,</span> 
     </span>
     <span class='ocr_line' id='line_1_10' title="bbox 144 764 1657 809; baseline -0.001 -7"><span class='ocrx_word' id='word_1_73' title='bbox 144 770 246 804; x_wconf 86' lang='lat' dir='ltr'>fusco</span> <span class='ocrx_word' id='word_1_74' title='bbox 285 770 368 803; x_wconf 90' lang='lat' dir='ltr'>hinc</span> <span class='ocrx_word' id='word_1_75' title='bbox 414 768 500 802; x_wconf 89' lang='lat' dir='ltr'>inde</span> <span class='ocrx_word' id='word_1_76' title='bbox 538 768 698 809; x_wconf 87' lang='lat' dir='ltr'>tinctae,</span> <span class='ocrx_word' id='word_1_77' title='bbox 746 765 979 809; x_wconf 82' lang='lat' dir='ltr'>marginibus</span> <span class='ocrx_word' id='word_1_78' title='bbox 1022 764 1335 798; x_wconf 83' lang='lat' dir='ltr'>adscendentibus</span> <span class='ocrx_word' id='word_1_79' title='bbox 1373 764 1657 803; x_wconf 77' lang='lat' dir='ltr'>canaliculatae.</span> 
     </span>
     <span class='ocr_line' id='line_1_11' title="bbox 143 822 1655 867; baseline -0.006 -6"><span class='ocrx_word' id='word_1_80' title='bbox 143 829 274 862; x_wconf 88' lang='lat' dir='ltr'>subtus</span> <span class='ocrx_word' id='word_1_81' title='bbox 302 828 424 861; x_wconf 87' lang='lat' dir='ltr'>medio</span> <span class='ocrx_word' id='word_1_82' title='bbox 450 827 694 867; x_wconf 85' lang='lat' dir='ltr'>incrassatae,</span> <span class='ocrx_word' id='word_1_83' title='bbox 721 827 837 860; x_wconf 89' lang='lat' dir='ltr'>denso</span> <span class='ocrx_word' id='word_1_84' title='bbox 864 825 1115 860; x_wconf 84' lang='lat' dir='ltr'>radicularum</span> <span class='ocrx_word' id='word_1_85' title='bbox 1142 823 1228 856; x_wconf 92' lang='lat' dir='ltr'>villo</span> <span class='ocrx_word' id='word_1_86' title='bbox 1255 822 1412 863; x_wconf 80' lang='lat' dir='ltr'>obsitae,</span> <span class='ocrx_word' id='word_1_87' title='bbox 1445 834 1528 856; x_wconf 89' lang='lat' dir='ltr'>cum</span> <span class='ocrx_word' id='word_1_88' title='bbox 1557 836 1655 859; x_wconf 60' lang='lat' dir='ltr'>mar„</span> 
     </span>
     <span class='ocr_line' id='line_1_12' title="bbox 142 880 1658 929; baseline -0.001 -10"><span class='ocrx_word' id='word_1_89' title='bbox 142 887 289 928; x_wconf 84' lang='lat' dir='ltr'>ginibus</span> <span class='ocrx_word' id='word_1_90' title='bbox 326 891 676 929; x_wconf 85' lang='lat' dir='ltr'>atro—purpureae,</span> <span class='ocrx_word' id='word_1_91' title='bbox 711 883 949 919; x_wconf 85' lang='lat' dir='ltr'>transversim</span> <span class='ocrx_word' id='word_1_92' title='bbox 982 883 1089 927; x_wconf 89' lang='lat' dir='ltr'>plicis</span> <span class='ocrx_word' id='word_1_93' title='bbox 1125 882 1179 915; x_wconf 87' lang='lat' dir='ltr'>vel</span> <span class='ocrx_word' id='word_1_94' title='bbox 1214 881 1314 923; x_wconf 82' lang='lat' dir='ltr'>rugis</span> <span class='ocrx_word' id='word_1_95' title='bbox 1347 880 1575 916; x_wconf 86' lang='lat' dir='ltr'>tenuissimis</span> <span class='ocrx_word' id='word_1_96' title='bbox 1612 885 1658 917; x_wconf 89' lang='lat' dir='ltr'>ad</span> 
     </span>
     <span class='ocr_line' id='line_1_13' title="bbox 142 939 1659 988; baseline -0.001 -10"><span class='ocrx_word' id='word_1_97' title='bbox 142 945 304 988; x_wconf 83' lang='lat' dir='ltr'>speciem</span> <span class='ocrx_word' id='word_1_98' title='bbox 332 944 485 978; x_wconf 82' lang='lat' dir='ltr'>striatae</span> <span class='ocrx_word' id='word_1_99' title='bbox 513 949 549 977; x_wconf 88' lang='lat' dir='ltr'>et</span> <span class='ocrx_word' id='word_1_100' title='bbox 576 944 720 987; x_wconf 86' lang='lat' dir='ltr'>apicem</span> <span class='ocrx_word' id='word_1_101' title='bbox 746 954 876 977; x_wconf 90' lang='lat' dir='ltr'>versus</span> <span class='ocrx_word' id='word_1_102' title='bbox 903 946 1045 976; x_wconf 87' lang='lat' dir='ltr'>tantum</span> <span class='ocrx_word' id='word_1_103' title='bbox 1073 941 1120 975; x_wconf 88' lang='lat' dir='ltr'>ob</span> <span class='ocrx_word' id='word_1_104' title='bbox 1148 939 1412 983; x_wconf 84' lang='lat' dir='ltr'>epidermidem</span> <span class='ocrx_word' id='word_1_105' title='bbox 1439 939 1477 973; x_wconf 91' lang='lat' dir='ltr'>in</span> <span class='ocrx_word' id='word_1_106' title='bbox 1503 942 1659 977; x_wconf 88' lang='lat' dir='ltr'>lacinias</span> 
     </span>
     <span class='ocr_line' id='line_1_14' title="bbox 141 999 1656 1046; baseline -0.001 -10"><span class='ocrx_word' id='word_1_107' title='bbox 141 1002 540 1046; x_wconf 82' lang='lat' dir='ltr'>ovato-triangulares</span> <span class='ocrx_word' id='word_1_108' title='bbox 579 1002 686 1045; x_wconf 85' lang='lat' dir='ltr'>longe</span> <span class='ocrx_word' id='word_1_109' title='bbox 732 1003 966 1035; x_wconf 88' lang='lat' dir='ltr'>acuminatas</span> <span class='ocrx_word' id='word_1_110' title='bbox 1016 1009 1224 1044; x_wconf 87' lang='lat' dir='ltr'>purpureas</span> <span class='ocrx_word' id='word_1_111' title='bbox 1262 999 1386 1031; x_wconf 84' lang='lat' dir='ltr'>fissam</span> <span class='ocrx_word' id='word_1_112' title='bbox 1424 1009 1656 1043; x_wconf 89' lang='lat' dir='ltr'>squamosae,</span> 
     </span>
     <span class='ocr_line' id='line_1_15' title="bbox 141 1057 1656 1105; baseline 0.001 -11"><span class='ocrx_word' id='word_1_113' title='bbox 141 1061 305 1105; x_wconf 87' lang='lat' dir='ltr'>squamis</span> <span class='ocrx_word' id='word_1_114' title='bbox 332 1061 646 1104; x_wconf 81' lang='lat' dir='ltr'>emarginaturam</span> <span class='ocrx_word' id='word_1_115' title='bbox 681 1060 868 1094; x_wconf 89' lang='lat' dir='ltr'>tantillum</span> <span class='ocrx_word' id='word_1_116' title='bbox 895 1058 1163 1102; x_wconf 86' lang='lat' dir='ltr'>superantibus</span> <span class='ocrx_word' id='word_1_117' title='bbox 1199 1068 1267 1091; x_wconf 91' lang='lat' dir='ltr'>nec</span> <span class='ocrx_word' id='word_1_118' title='bbox 1301 1057 1347 1089; x_wconf 90' lang='lat' dir='ltr'>ad</span> <span class='ocrx_word' id='word_1_119' title='bbox 1375 1059 1561 1100; x_wconf 81' lang='lat' dir='ltr'>margines</span> <span class='ocrx_word' id='word_1_120' title='bbox 1587 1062 1656 1095; x_wconf 90' lang='lat' dir='ltr'>sub</span> 
     </span>
     <span class='ocr_line' id='line_1_16' title="bbox 141 1116 1658 1164; baseline -0.001 -10"><span class='ocrx_word' id='word_1_121' title='bbox 141 1120 359 1164; x_wconf 81' lang='lat' dir='ltr'>adspectum</span> <span class='ocrx_word' id='word_1_122' title='bbox 387 1120 636 1153; x_wconf 87' lang='lat' dir='ltr'>venientibus.</span> <span class='ocrx_word' id='word_1_123' title='bbox 690 1118 822 1153; x_wconf 88' lang='lat' dir='ltr'>Facies</span> <span class='ocrx_word' id='word_1_124' title='bbox 859 1118 1028 1162; x_wconf 89' lang='lat' dir='ltr'>superior</span> <span class='ocrx_word' id='word_1_125' title='bbox 1062 1116 1203 1150; x_wconf 84' lang='lat' dir='ltr'>frondis</span> <span class='ocrx_word' id='word_1_126' title='bbox 1236 1125 1415 1159; x_wconf 81' lang='lat' dir='ltr'>perquam</span> <span class='ocrx_word' id='word_1_127' title='bbox 1443 1118 1658 1153; x_wconf 83' lang='lat' dir='ltr'>tenuissime</span> 
     </span>
     <span class='ocr_line' id='line_1_17' title="bbox 141 1174 1657 1222; baseline 0.001 -12"><span class='ocrx_word' id='word_1_128' title='bbox 141 1178 348 1219; x_wconf 86' lang='lat' dir='ltr'>reticulata,</span> <span class='ocrx_word' id='word_1_129' title='bbox 376 1179 509 1212; x_wconf 87' lang='lat' dir='ltr'>areolis</span> <span class='ocrx_word' id='word_1_130' title='bbox 536 1178 755 1222; x_wconf 86' lang='lat' dir='ltr'>hexagonis,</span> <span class='ocrx_word' id='word_1_131' title='bbox 783 1178 914 1211; x_wconf 85' lang='lat' dir='ltr'>mediis</span> <span class='ocrx_word' id='word_1_132' title='bbox 934 1177 1017 1220; x_wconf 89' lang='lat' dir='ltr'>plus</span> <span class='ocrx_word' id='word_1_133' title='bbox 1033 1176 1203 1209; x_wconf 87' lang='lat' dir='ltr'>minusve</span> <span class='ocrx_word' id='word_1_134' title='bbox 1219 1174 1414 1217; x_wconf 81' lang='lat' dir='ltr'>elongatis,</span> <span class='ocrx_word' id='word_1_135' title='bbox 1442 1175 1657 1212; x_wconf 76' lang='lat' dir='ltr'>lateralibus</span> 
     </span>
     <span class='ocr_line' id='line_1_18' title="bbox 140 1232 1656 1281; baseline 0.001 -13"><span class='ocrx_word' id='word_1_136' title='bbox 140 1236 345 1271; x_wconf 86' lang='lat' dir='ltr'>minoribus</span> <span class='ocrx_word' id='word_1_137' title='bbox 391 1236 586 1281; x_wconf 83' lang='lat' dir='ltr'>magisque</span> <span class='ocrx_word' id='word_1_138' title='bbox 631 1236 876 1279; x_wconf 87' lang='lat' dir='ltr'>regularibus.</span> <span class='ocrx_word' id='word_1_139' title='bbox 936 1236 1028 1268; x_wconf 74' lang='lat' dir='ltr'>Pori</span> <span class='ocrx_word' id='word_1_140' title='bbox 1071 1234 1176 1267; x_wconf 88' lang='lat' dir='ltr'>nulli.</span> <span class='ocrx_word' id='word_1_141' title='bbox 1240 1232 1475 1278; x_wconf 77' lang='lat' dir='ltr'>Receptacula</span> <span class='ocrx_word' id='word_1_142' title='bbox 1500 1234 1656 1278; x_wconf 74' lang='lat' dir='ltr'>feminea</span> 
     </span>
     <span class='ocr_line' id='line_1_19' title="bbox 139 1291 1656 1338; baseline 0.001 -12"><span class='ocrx_word' id='word_1_143' title='bbox 139 1294 236 1336; x_wconf 88' lang='lat' dir='ltr'>(raro</span> <span class='ocrx_word' id='word_1_144' title='bbox 264 1295 430 1338; x_wconf 89' lang='lat' dir='ltr'>unicum)</span> <span class='ocrx_word' id='word_1_145' title='bbox 456 1295 546 1328; x_wconf 87' lang='lat' dir='ltr'>bina</span> <span class='ocrx_word' id='word_1_146' title='bbox 572 1299 741 1336; x_wconf 89' lang='lat' dir='ltr'>ternave,</span> <span class='ocrx_word' id='word_1_147' title='bbox 768 1293 931 1328; x_wconf 88' lang='lat' dir='ltr'>seriatim</span> <span class='ocrx_word' id='word_1_148' title='bbox 957 1293 994 1326; x_wconf 91' lang='lat' dir='ltr'>in</span> <span class='ocrx_word' id='word_1_149' title='bbox 1009 1292 1133 1326; x_wconf 88' lang='lat' dir='ltr'>medio</span> <span class='ocrx_word' id='word_1_150' title='bbox 1148 1291 1289 1325; x_wconf 89' lang='lat' dir='ltr'>frondis</span> <span class='ocrx_word' id='word_1_151' title='bbox 1304 1291 1498 1334; x_wconf 84' lang='lat' dir='ltr'>disposita,</span> <span class='ocrx_word' id='word_1_152' title='bbox 1524 1295 1656 1328; x_wconf 84' lang='lat' dir='ltr'>subtus</span> 
     </span>
     <span class='ocr_line' id='line_1_20' title="bbox 140 1349 1657 1396; baseline 0.002 -12"><span class='ocrx_word' id='word_1_153' title='bbox 140 1351 247 1395; x_wconf 85' lang='lat' dir='ltr'>longe</span> <span class='ocrx_word' id='word_1_154' title='bbox 274 1353 442 1394; x_wconf 88' lang='lat' dir='ltr'>barbata,</span> <span class='ocrx_word' id='word_1_155' title='bbox 471 1353 657 1396; x_wconf 85' lang='lat' dir='ltr'>singulum</span> <span class='ocrx_word' id='word_1_156' title='bbox 684 1352 896 1396; x_wconf 88' lang='lat' dir='ltr'>pedunculo</span> <span class='ocrx_word' id='word_1_157' title='bbox 923 1351 1113 1385; x_wconf 84' lang='lat' dir='ltr'>suffultum</span> <span class='ocrx_word' id='word_1_158' title='bbox 1140 1350 1361 1384; x_wconf 90' lang='lat' dir='ltr'>brevissimo</span> <span class='ocrx_word' id='word_1_159' title='bbox 1387 1349 1449 1382; x_wconf 83' lang='lat' dir='ltr'>vix</span> <span class='ocrx_word' id='word_1_160' title='bbox 1476 1350 1657 1393; x_wconf 81' lang='lat' dir='ltr'>bilineari,</span> 
     </span>
     <span class='ocr_line' id='line_1_21' title="bbox 138 1407 1658 1455; baseline 0.002 -12"><span class='ocrx_word' id='word_1_161' title='bbox 138 1411 286 1451; x_wconf 89' lang='lat' dir='ltr'>striato,</span> <span class='ocrx_word' id='word_1_162' title='bbox 322 1411 454 1451; x_wconf 85' lang='lat' dir='ltr'>tortili,</span> <span class='ocrx_word' id='word_1_163' title='bbox 488 1411 931 1455; x_wconf 89' lang='lat' dir='ltr'>purpurascente-fusco</span> <span class='ocrx_word' id='word_1_164' title='bbox 958 1409 1040 1443; x_wconf 81' lang='lat' dir='ltr'>basi</span> <span class='ocrx_word' id='word_1_165' title='bbox 1065 1409 1269 1454; x_wconf 89' lang='lat' dir='ltr'>squamulis</span> <span class='ocrx_word' id='word_1_166' title='bbox 1295 1407 1426 1451; x_wconf 86' lang='lat' dir='ltr'>paucis</span> <span class='ocrx_word' id='word_1_167' title='bbox 1453 1409 1658 1447; x_wconf 85' lang='lat' dir='ltr'>linearibus</span> 
     </span>
     <span class='ocr_line' id='line_1_22' title="bbox 139 1468 1653 1514; baseline 0.002 -12"><span class='ocrx_word' id='word_1_168' title='bbox 139 1468 313 1503; x_wconf 88' lang='lat' dir='ltr'>brevibus</span> <span class='ocrx_word' id='word_1_169' title='bbox 353 1470 512 1514; x_wconf 90' lang='lat' dir='ltr'>hyalinis</span> <span class='ocrx_word' id='word_1_170' title='bbox 552 1470 711 1514; x_wconf 84' lang='lat' dir='ltr'>stipato,</span> <span class='ocrx_word' id='word_1_171' title='bbox 760 1469 958 1504; x_wconf 85' lang='lat' dir='ltr'>novissime</span> <span class='ocrx_word' id='word_1_172' title='bbox 999 1473 1086 1502; x_wconf 85' lang='lat' dir='ltr'>nato</span> <span class='ocrx_word' id='word_1_173' title='bbox 1126 1479 1198 1502; x_wconf 91' lang='lat' dir='ltr'>non</span> <span class='ocrx_word' id='word_1_174' title='bbox 1239 1468 1347 1510; x_wconf 85' lang='lat' dir='ltr'>longe</span> <span class='ocrx_word' id='word_1_175' title='bbox 1386 1472 1473 1501; x_wconf 87' lang='lat' dir='ltr'>ante</span> <span class='ocrx_word' id='word_1_176' title='bbox 1511 1471 1653 1513; x_wconf 90' lang='lat' dir='ltr'>apicem</span> 
     </span>
     <span class='ocr_line' id='line_1_23' title="bbox 140 1525 1655 1573; baseline 0.002 -14"><span class='ocrx_word' id='word_1_177' title='bbox 140 1526 279 1561; x_wconf 86' lang='lat' dir='ltr'>frondis</span> <span class='ocrx_word' id='word_1_178' title='bbox 306 1538 325 1561; x_wconf 88' lang='lat' dir='ltr'>e</span> <span class='ocrx_word' id='word_1_179' title='bbox 351 1533 455 1562; x_wconf 86' lang='lat' dir='ltr'>costa</span> <span class='ocrx_word' id='word_1_180' title='bbox 482 1529 704 1571; x_wconf 85' lang='lat' dir='ltr'>egrediente.</span> <span class='ocrx_word' id='word_1_181' title='bbox 757 1529 864 1563; x_wconf 84' lang='lat' dir='ltr'>Haec</span> <span class='ocrx_word' id='word_1_182' title='bbox 885 1527 1121 1571; x_wconf 87' lang='lat' dir='ltr'>receptacula</span> <span class='ocrx_word' id='word_1_183' title='bbox 1148 1537 1231 1560; x_wconf 86' lang='lat' dir='ltr'>raro</span> <span class='ocrx_word' id='word_1_184' title='bbox 1258 1526 1295 1559; x_wconf 91' lang='lat' dir='ltr'>in</span> <span class='ocrx_word' id='word_1_185' title='bbox 1317 1525 1478 1569; x_wconf 85' lang='lat' dir='ltr'>unicum,</span> <span class='ocrx_word' id='word_1_186' title='bbox 1506 1531 1655 1573; x_wconf 88' lang='lat' dir='ltr'>saepius</span> 
     </span>
     <span class='ocr_line' id='line_1_24' title="bbox 141 1585 1655 1628; baseline 0.003 -10"><span class='ocrx_word' id='word_1_187' title='bbox 141 1596 227 1619; x_wconf 90' lang='lat' dir='ltr'>vero</span> <span class='ocrx_word' id='word_1_188' title='bbox 252 1586 289 1619; x_wconf 89' lang='lat' dir='ltr'>in</span> <span class='ocrx_word' id='word_1_189' title='bbox 318 1586 424 1621; x_wconf 85' lang='lat' dir='ltr'>binos</span> <span class='ocrx_word' id='word_1_190' title='bbox 450 1588 589 1621; x_wconf 84' lang='lat' dir='ltr'>abeunt</span> <span class='ocrx_word' id='word_1_191' title='bbox 609 1588 750 1622; x_wconf 87' lang='lat' dir='ltr'>loculos</span> <span class='ocrx_word' id='word_1_192' title='bbox 768 1597 833 1621; x_wconf 91' lang='lat' dir='ltr'>seu</span> <span class='ocrx_word' id='word_1_193' title='bbox 851 1586 1028 1621; x_wconf 70' lang='lat' dir='ltr'>involucra</span> <span class='ocrx_word' id='word_1_194' title='bbox 1045 1585 1481 1628; x_wconf 82' lang='lat' dir='ltr'>clliptico-subrotunda,</span> <span class='ocrx_word' id='word_1_195' title='bbox 1507 1588 1655 1623; x_wconf 90' lang='lat' dir='ltr'>sordide</span> 
     </span>
     <span class='ocr_line' id='line_1_25' title="bbox 139 1642 1655 1690; baseline 0.005 -16"><span class='ocrx_word' id='word_1_196' title='bbox 139 1642 389 1686; x_wconf 83' lang='lat' dir='ltr'>flavescentia,</span> <span class='ocrx_word' id='word_1_197' title='bbox 413 1646 637 1690; x_wconf 85' lang='lat' dir='ltr'>quandoque</span> <span class='ocrx_word' id='word_1_198' title='bbox 654 1646 743 1680; x_wconf 88' lang='lat' dir='ltr'>bina</span> <span class='ocrx_word' id='word_1_199' title='bbox 762 1646 876 1679; x_wconf 91' lang='lat' dir='ltr'>dorso</span> <span class='ocrx_word' id='word_1_200' title='bbox 896 1644 965 1678; x_wconf 91' lang='lat' dir='ltr'>sibi</span> <span class='ocrx_word' id='word_1_201' title='bbox 981 1643 1157 1686; x_wconf 86' lang='lat' dir='ltr'>contigua</span> <span class='ocrx_word' id='word_1_202' title='bbox 1174 1642 1397 1677; x_wconf 84' lang='lat' dir='ltr'>verticaliter</span> <span class='ocrx_word' id='word_1_203' title='bbox 1412 1643 1655 1687; x_wconf 85' lang='lat' dir='ltr'>dehiscentia,</span> 
     </span>
     <span class='ocr_line' id='line_1_26' title="bbox 138 1700 1653 1748; baseline 0.005 -15"><span class='ocrx_word' id='word_1_204' title='bbox 138 1700 386 1743; x_wconf 86' lang='lat' dir='ltr'>integerrima.</span> <span class='ocrx_word' id='word_1_205' title='bbox 438 1705 479 1738; x_wconf 89' lang='lat' dir='ltr'>Si</span> <span class='ocrx_word' id='word_1_206' title='bbox 506 1704 676 1748; x_wconf 84' lang='lat' dir='ltr'>contigit,</span> <span class='ocrx_word' id='word_1_207' title='bbox 713 1709 754 1738; x_wconf 87' lang='lat' dir='ltr'>ut</span> <span class='ocrx_word' id='word_1_208' title='bbox 780 1704 1011 1739; x_wconf 88' lang='lat' dir='ltr'>involucrum</span> <span class='ocrx_word' id='word_1_209' title='bbox 1047 1703 1146 1736; x_wconf 88' lang='lat' dir='ltr'>adsit</span> <span class='ocrx_word' id='word_1_210' title='bbox 1172 1702 1343 1743; x_wconf 90' lang='lat' dir='ltr'>unicum,</span> <span class='ocrx_word' id='word_1_211' title='bbox 1376 1706 1465 1735; x_wconf 90' lang='lat' dir='ltr'>tunc</span> <span class='ocrx_word' id='word_1_212' title='bbox 1491 1710 1653 1740; x_wconf 89' lang='lat' dir='ltr'>erectum</span> 
     </span>
     <span class='ocr_line' id='line_1_27' title="bbox 137 1760 1653 1808; baseline 0.004 -15"><span class='ocrx_word' id='word_1_213' title='bbox 137 1764 194 1794; x_wconf 84' lang='lat' dir='ltr'>est</span> <span class='ocrx_word' id='word_1_214' title='bbox 220 1760 387 1806; x_wconf 84' lang='lat' dir='ltr'>rimaque</span> <span class='ocrx_word' id='word_1_215' title='bbox 413 1762 624 1796; x_wconf 68' lang='lat' dir='ltr'>horizoneah·</span> <span class='ocrx_word' id='word_1_216' title='bbox 651 1764 738 1806; x_wconf 90' lang='lat' dir='ltr'>(non</span> <span class='ocrx_word' id='word_1_217' title='bbox 755 1763 941 1808; x_wconf 85' lang='lat' dir='ltr'>verticali)</span> <span class='ocrx_word' id='word_1_218' title='bbox 966 1761 1139 1795; x_wconf 84' lang='lat' dir='ltr'>dehiscit.</span> <span class='ocrx_word' id='word_1_219' title='bbox 1190 1760 1296 1794; x_wconf 90' lang='lat' dir='ltr'>Retis</span> <span class='ocrx_word' id='word_1_220' title='bbox 1313 1761 1458 1794; x_wconf 89' lang='lat' dir='ltr'>areolae</span> <span class='ocrx_word' id='word_1_221' title='bbox 1473 1762 1653 1799; x_wconf 90' lang='lat' dir='ltr'>involucri</span> 
     </span>
     <span class='ocr_line' id='line_1_28' title="bbox 137 1818 1651 1865; baseline 0.004 -13"><span class='ocrx_word' id='word_1_222' title='bbox 137 1818 337 1863; x_wconf 83' lang='lat' dir='ltr'>oblongae,</span> <span class='ocrx_word' id='word_1_223' title='bbox 373 1821 583 1855; x_wconf 82' lang='lat' dir='ltr'>interstitiis</span> <span class='ocrx_word' id='word_1_224' title='bbox 620 1821 758 1855; x_wconf 91' lang='lat' dir='ltr'>crassis</span> <span class='ocrx_word' id='word_1_225' title='bbox 794 1821 1006 1856; x_wconf 86' lang='lat' dir='ltr'>distinctae.</span> <span class='ocrx_word' id='word_1_226' title='bbox 1059 1820 1229 1865; x_wconf 76' lang='lat' dir='ltr'>Calyptra</span> <span class='ocrx_word' id='word_1_227' title='bbox 1260 1819 1477 1861; x_wconf 84' lang='lat' dir='ltr'>tenerrima,</span> <span class='ocrx_word' id='word_1_228' title='bbox 1513 1823 1651 1865; x_wconf 85' lang='lat' dir='ltr'>albida,</span> 
     </span>
     <span class='ocr_line' id='line_1_29' title="bbox 138 1878 1654 1924; baseline 0.003 -13"><span class='ocrx_word' id='word_1_229' title='bbox 138 1878 306 1921; x_wconf 82' lang='lat' dir='ltr'>hyaHna,</span> <span class='ocrx_word' id='word_1_230' title='bbox 346 1880 502 1923; x_wconf 87' lang='lat' dir='ltr'>capsula</span> <span class='ocrx_word' id='word_1_231' title='bbox 528 1880 697 1923; x_wconf 90' lang='lat' dir='ltr'>brevior,</span> <span class='ocrx_word' id='word_1_232' title='bbox 734 1881 808 1915; x_wconf 91' lang='lat' dir='ltr'>cito</span> <span class='ocrx_word' id='word_1_233' title='bbox 834 1880 904 1913; x_wconf 90' lang='lat' dir='ltr'>sub</span> <span class='ocrx_word' id='word_1_234' title='bbox 931 1880 1037 1923; x_wconf 88' lang='lat' dir='ltr'>apice</span> <span class='ocrx_word' id='word_1_235' title='bbox 1063 1883 1192 1922; x_wconf 88' lang='lat' dir='ltr'>rupta,</span> <span class='ocrx_word' id='word_1_236' title='bbox 1227 1888 1246 1911; x_wconf 92' lang='lat' dir='ltr'>e</span> <span class='ocrx_word' id='word_1_237' title='bbox 1273 1878 1415 1911; x_wconf 85' lang='lat' dir='ltr'>cellulis</span> <span class='ocrx_word' id='word_1_238' title='bbox 1448 1879 1654 1924; x_wconf 79' lang='lat' dir='ltr'>hexagonis</span> 
     </span>
     <span class='ocr_line' id='line_1_30' title="bbox 136 1936 1654 1985; baseline 0.003 -16"><span class='ocrx_word' id='word_1_239' title='bbox 136 1937 385 1972; x_wconf 86' lang='lat' dir='ltr'>mediocribus</span> <span class='ocrx_word' id='word_1_240' title='bbox 408 1938 626 1982; x_wconf 90' lang='lat' dir='ltr'>composita.</span> <span class='ocrx_word' id='word_1_241' title='bbox 680 1939 831 1985; x_wconf 80' lang='lat' dir='ltr'>Capsula</span> <span class='ocrx_word' id='word_1_242' title='bbox 845 1938 1053 1983; x_wconf 84' lang='lat' dir='ltr'>sphaerica,</span> <span class='ocrx_word' id='word_1_243' title='bbox 1076 1938 1255 1978; x_wconf 87' lang='lat' dir='ltr'>brunnea,</span> <span class='ocrx_word' id='word_1_244' title='bbox 1278 1936 1497 1972; x_wconf 86' lang='lat' dir='ltr'>diametro2</span> <span class='ocrx_word' id='word_1_245' title='bbox 1514 1940 1654 1974; x_wconf 88' lang='lat' dir='ltr'>millim.</span> 
     </span>
     <span class='ocr_line' id='line_1_31' title="bbox 136 1994 1652 2040; baseline 0.003 -12"><span class='ocrx_word' id='word_1_246' title='bbox 136 1995 373 2040; x_wconf 85' lang='lat' dir='ltr'>adaequans,</span> <span class='ocrx_word' id='word_1_247' title='bbox 433 1997 538 2040; x_wconf 89' lang='lat' dir='ltr'>apice</span> <span class='ocrx_word' id='word_1_248' title='bbox 579 1997 808 2031; x_wconf 89' lang='lat' dir='ltr'>denticulato</span> <span class='ocrx_word' id='word_1_249' title='bbox 830 1997 1013 2038; x_wconf 89' lang='lat' dir='ltr'>-lacera,</span> <span class='ocrx_word' id='word_1_250' title='bbox 1066 1996 1104 2030; x_wconf 93' lang='lat' dir='ltr'>in</span> <span class='ocrx_word' id='word_1_251' title='bbox 1143 1995 1258 2029; x_wconf 86' lang='lat' dir='ltr'>fundo</span> <span class='ocrx_word' id='word_1_252' title='bbox 1300 1994 1481 2030; x_wconf 91' lang='lat' dir='ltr'>involucri</span> <span class='ocrx_word' id='word_1_253' title='bbox 1521 1999 1652 2033; x_wconf 83' lang='lat' dir='ltr'>sessili.</span> 
     </span>
     <span class='ocr_line' id='line_1_32' title="bbox 134 2053 1652 2099; baseline 0.002 -12"><span class='ocrx_word' id='word_1_254' title='bbox 134 2053 265 2099; x_wconf 78' lang='lat' dir='ltr'>Sporae</span> <span class='ocrx_word' id='word_1_255' title='bbox 290 2055 429 2096; x_wconf 88' lang='lat' dir='ltr'>fuscae,</span> <span class='ocrx_word' id='word_1_256' title='bbox 455 2055 992 2099; x_wconf 81' lang='lat' dir='ltr'>polygono-sublentieulares,</span> <span class='ocrx_word' id='word_1_257' title='bbox 1023 2054 1192 2098; x_wconf 82' lang='lat' dir='ltr'>margine</span> <span class='ocrx_word' id='word_1_258' title='bbox 1217 2054 1652 2097; x_wconf 81' lang='lat' dir='ltr'>celluloso-articulatae,</span> 
     </span>
     <span class='ocr_line' id='line_1_33' title="bbox 133 2112 1652 2155; baseline 0.002 -9"><span class='ocrx_word' id='word_1_259' title='bbox 133 2115 217 2153; x_wconf 89' lang='grc' dir='ltr'>Ο,Ο7</span> <span class='ocrx_word' id='word_1_260' title='bbox 244 2113 382 2148; x_wconf 90' lang='lat' dir='ltr'>millim.</span> <span class='ocrx_word' id='word_1_261' title='bbox 409 2114 615 2148; x_wconf 89' lang='lat' dir='ltr'>metientes.</span> <span class='ocrx_word' id='word_1_262' title='bbox 665 2114 825 2149; x_wconf 80' lang='lat' dir='ltr'>Elateres</span> <span class='ocrx_word' id='word_1_263' title='bbox 849 2114 1020 2155; x_wconf 83' lang='lat' dir='ltr'>flexuosi,</span> <span class='ocrx_word' id='word_1_264' title='bbox 1049 2112 1244 2154; x_wconf 86' lang='lat' dir='ltr'>attenuati,</span> <span class='ocrx_word' id='word_1_265' title='bbox 1259 2117 1384 2146; x_wconf 88' lang='lat' dir='ltr'>tamen</span> <span class='ocrx_word' id='word_1_266' title='bbox 1410 2113 1652 2155; x_wconf 88' lang='lat' dir='ltr'>obtusissimi,</span> 
     </span>
     <span class='ocr_line' id='line_1_34' title="bbox 134 2170 1318 2218; baseline -0.001 -14"><span class='ocrx_word' id='word_1_267' title='bbox 134 2170 277 2215; x_wconf 89' lang='lat' dir='ltr'>dispiri,</span> <span class='ocrx_word' id='word_1_268' title='bbox 303 2173 404 2206; x_wconf 88' lang='lat' dir='ltr'>fibris</span> <span class='ocrx_word' id='word_1_269' title='bbox 431 2173 590 2207; x_wconf 84' lang='lat' dir='ltr'>utriculo</span> <span class='ocrx_word' id='word_1_270' title='bbox 616 2174 819 2218; x_wconf 88' lang='lat' dir='ltr'>conspicuo</span> <span class='ocrx_word' id='word_1_271' title='bbox 845 2173 1040 2216; x_wconf 79' lang='lat' dir='ltr'>contiguis,</span> <span class='ocrx_word' id='word_1_272' title='bbox 1067 2171 1318 2215; x_wconf 86' lang='lat' dir='ltr'>(Montagne.)</span> 
     </span>
    </p>

    <p class='ocr_par' dir='ltr' id='par_1_4' title="bbox 135 2227 1651 2335">
     <span class='ocr_line' id='line_1_35' title="bbox 229 2227 1651 2267; baseline 0.002 -5"><span class='ocrx_word' id='word_1_273' title='bbox 229 2230 509 2265; x_wconf 82' lang='lat' dir='ltr'>Intlorescentia</span> <span class='ocrx_word' id='word_1_274' title='bbox 544 2233 712 2266; x_wconf 86' lang='lat' dir='ltr'>mascula</span> <span class='ocrx_word' id='word_1_275' title='bbox 738 2232 962 2267; x_wconf 88' lang='lat' dir='ltr'>disciformis</span> <span class='ocrx_word' id='word_1_276' title='bbox 996 2231 1034 2265; x_wconf 90' lang='lat' dir='ltr'>in</span> <span class='ocrx_word' id='word_1_277' title='bbox 1072 2229 1195 2264; x_wconf 88' lang='lat' dir='ltr'>media</span> <span class='ocrx_word' id='word_1_278' title='bbox 1229 2228 1357 2262; x_wconf 88' lang='lat' dir='ltr'>fronde</span> <span class='ocrx_word' id='word_1_279' title='bbox 1394 2227 1560 2264; x_wconf 87' lang='lat' dir='ltr'>solitaria</span> <span class='ocrx_word' id='word_1_280' title='bbox 1593 2233 1651 2265; x_wconf 91' lang='lat' dir='ltr'>vel</span> 
     </span>
     <span class='ocr_line' id='line_1_36' title="bbox 135 2286 1576 2335; baseline 0.002 -15"><span class='ocrx_word' id='word_1_281' title='bbox 135 2286 270 2321; x_wconf 86' lang='lat' dir='ltr'>seriata</span> <span class='ocrx_word' id='word_1_282' title='bbox 296 2288 333 2322; x_wconf 93' lang='lat' dir='ltr'>in</span> <span class='ocrx_word' id='word_1_283' title='bbox 349 2289 463 2323; x_wconf 88' lang='lat' dir='ltr'>Icone</span> <span class='ocrx_word' id='word_1_284' title='bbox 485 2290 639 2324; x_wconf 85' lang='lat' dir='ltr'>laudata</span> <span class='ocrx_word' id='word_1_285' title='bbox 665 2296 835 2335; x_wconf 86' lang='lat' dir='ltr'>apparet,</span> <span class='ocrx_word' id='word_1_286' title='bbox 862 2295 903 2326; x_wconf 88' lang='lat' dir='ltr'>ut</span> <span class='ocrx_word' id='word_1_287' title='bbox 928 2290 1063 2334; x_wconf 83' lang='lat' dir='ltr'>Taylor</span> <span class='ocrx_word' id='word_1_288' title='bbox 1088 2289 1134 2323; x_wconf 90' lang='lat' dir='ltr'>de</span> <span class='ocrx_word' id='word_1_289' title='bbox 1162 2287 1267 2332; x_wconf 71' lang='lat' dir='ltr'>Play.</span> <span class='ocrx_word' id='word_1_290' title='bbox 1294 2287 1433 2320; x_wconf 65' lang='lat' dir='ltr'>limbato</span> <span class='ocrx_word' id='word_1_291' title='bbox 1459 2288 1576 2323; x_wconf 85' lang='lat' dir='ltr'>affert.</span> 
     </span>
    </p>
   </div>
   <div class='ocr_carea' id='block_1_3' title="bbox 398 2380 1383 2428">
    <p class='ocr_par' dir='ltr' id='par_1_5' title="bbox 398 2380 1383 2428">
     <span class='ocr_line' id='line_1_37' title="bbox 398 2380 1383 2428; baseline -0.001 -14"><span class='ocrx_word' id='word_1_292' title='bbox 398 2384 433 2415; x_wconf 86' lang='lat'>5.</span> <span class='ocrx_word' id='word_1_293' title='bbox 483 2382 895 2428; x_wconf 64' lang='lat' dir='ltr'>Plumae-haema</span> <span class='ocrx_word' id='word_1_294' title='bbox 920 2383 1164 2418; x_wconf 77' lang='lat' dir='ltr'>australe</span> <span class='ocrx_word' id='word_1_295' title='bbox 1192 2381 1238 2415; x_wconf 91' lang='lat' dir='ltr'>N.</span> <span class='ocrx_word' id='word_1_296' title='bbox 1266 2380 1313 2414; x_wconf 81' lang='lat' dir='ltr'>ab</span> <span class='ocrx_word' id='word_1_297' title='bbox 1341 2380 1383 2413; x_wconf 91' lang='grc' dir='ltr'>Ε.</span> 
     </span>
    </p>
   </div>
   <div class='ocr_carea' id='block_1_4' title="bbox 123 2449 1652 2674">
    <p class='ocr_par' dir='ltr' id='par_1_6' title="bbox 123 2449 1652 2674">
     <span class='ocr_line' id='line_1_38' title="bbox 230 2449 1652 2498; baseline -0.001 -14"><span class='ocrx_word' id='word_1_298' title='bbox 230 2449 293 2484; x_wconf 88' lang='lat' dir='ltr'>Pl.</span> <span class='ocrx_word' id='word_1_299' title='bbox 315 2450 448 2497; x_wconf 83' lang='lat' dir='ltr'>fronde</span> <span class='ocrx_word' id='word_1_300' title='bbox 474 2450 764 2486; x_wconf 76' lang='lat' dir='ltr'>lineari-obovata</span> <span class='ocrx_word' id='word_1_301' title='bbox 788 2453 881 2498; x_wconf 79' lang='lat' dir='ltr'>apice</span> <span class='ocrx_word' id='word_1_302' title='bbox 898 2452 1006 2497; x_wconf 65' lang='lat' dir='ltr'>bifida</span> <span class='ocrx_word' id='word_1_303' title='bbox 1024 2451 1237 2498; x_wconf 71' lang='lat' dir='ltr'>sub-simplici</span> <span class='ocrx_word' id='word_1_304' title='bbox 1266 2449 1383 2484; x_wconf 78' lang='lat' dir='ltr'>subtus</span> <span class='ocrx_word' id='word_1_305' title='bbox 1400 2456 1652 2495; x_wconf 75' lang='lat' dir='ltr'>atropurpurea</span> 
     </span>
     <span class='ocr_line' id='line_1_39' title="bbox 133 2508 1650 2556; baseline 0.002 -16"><span class='ocrx_word' id='word_1_306' title='bbox 133 2508 311 2551; x_wconf 73' lang='lat' dir='ltr'>ruyulosa,</span> <span class='ocrx_word' id='word_1_307' title='bbox 343 2512 494 2556; x_wconf 77' lang='lat' dir='ltr'>squamis</span> <span class='ocrx_word' id='word_1_308' title='bbox 518 2511 730 2546; x_wconf 66' lang='lat' dir='ltr'>‘neutralibus</span> <span class='ocrx_word' id='word_1_309' title='bbox 753 2511 968 2545; x_wconf 72' lang='lat' dir='ltr'>semilunatis</span> <span class='ocrx_word' id='word_1_310' title='bbox 993 2510 1443 2550; x_wconf 74' lang='lat' dir='ltr'>lanceolam-acuminatis,</span> <span class='ocrx_word' id='word_1_311' title='bbox 1468 2509 1650 2555; x_wconf 76' lang='lat' dir='ltr'>fl&#39;uctibus</span> 
     </span>
     <span class='ocr_line' id='line_1_40' title="bbox 134 2566 1649 2616; baseline 0.001 -17"><span class='ocrx_word' id='word_1_312' title='bbox 134 2566 169 2598; x_wconf 84' lang='lat' dir='ltr'>in</span> <span class='ocrx_word' id='word_1_313' title='bbox 184 2566 329 2610; x_wconf 78' lang='lat' dir='ltr'>frondis</span> <span class='ocrx_word' id='word_1_314' title='bbox 352 2569 512 2603; x_wconf 80' lang='lat' dir='ltr'>articulis</span> <span class='ocrx_word' id='word_1_315' title='bbox 536 2571 687 2611; x_wconf 77' lang='lat' dir='ltr'>seriatis,</span> <span class='ocrx_word' id='word_1_316' title='bbox 708 2570 901 2616; x_wconf 78' lang='lat' dir='ltr'>pedunculo</span> <span class='ocrx_word' id='word_1_317' title='bbox 927 2570 1120 2605; x_wconf 79' lang='lat' dir='ltr'>brevissimo</span> <span class='ocrx_word' id='word_1_318' title='bbox 1146 2569 1218 2604; x_wconf 72' lang='lat' dir='ltr'>basi</span> <span class='ocrx_word' id='word_1_319' title='bbox 1240 2568 1405 2614; x_wconf 81' lang='lat' dir='ltr'>paleaceo,</span> <span class='ocrx_word' id='word_1_320' title='bbox 1440 2568 1649 2613; x_wconf 78' lang='lat' dir='ltr'>receptaculo</span> 
     </span>
     <span class='ocr_line' id='line_1_41' title="bbox 123 2623 811 2674; baseline 0.01 -18"><span class='ocrx_word' id='word_1_321' title='bbox 123 2623 276 2667; x_wconf 82' lang='lat' dir='ltr'>femineo</span> <span class='ocrx_word' id='word_1_322' title='bbox 300 2625 417 2661; x_wconf 83' lang='lat' dir='ltr'>subtus</span> <span class='ocrx_word' id='word_1_323' title='bbox 440 2629 530 2661; x_wconf 80' lang='lat' dir='ltr'>nudo</span> <span class='ocrx_word' id='word_1_324' title='bbox 554 2627 811 2674; x_wconf 71' lang='lat' dir='ltr'>(criloculari).</span> 
     </span>
    </p>
   </div>
   <div class='ocr_carea' id='block_1_5' title="bbox 322 2683 1647 2779">
    <p class='ocr_par' dir='ltr' id='par_1_7' title="bbox 322 2683 1647 2779">
     <span class='ocr_line' id='line_1_42' title="bbox 322 2683 1647 2733; baseline 0.001 -17"><span class='ocrx_word' id='word_1_325' title='bbox 322 2686 492 2729; x_wconf 78' lang='lat' dir='ltr'>Fegatella</span> <span class='ocrx_word' id='word_1_326' title='bbox 520 2690 673 2720; x_wconf 72' lang='lat' dir='ltr'>australis</span> <span class='ocrx_word' id='word_1_327' title='bbox 713 2687 845 2733; x_wconf 75' lang='lat' dir='ltr'>Taylor</span> <span class='ocrx_word' id='word_1_328' title='bbox 870 2687 962 2732; x_wconf 76' lang='lat' dir='ltr'>Hep.</span> <span class='ocrx_word' id='word_1_329' title='bbox 988 2692 1137 2720; x_wconf 75' lang='lat' dir='ltr'>amaret.</span> <span class='ocrx_word' id='word_1_330' title='bbox 1172 2687 1207 2719; x_wconf 83' lang='lat' dir='ltr'>in</span> <span class='ocrx_word' id='word_1_331' title='bbox 1234 2685 1342 2718; x_wconf 80' lang='lat' dir='ltr'>Loml.</span> <span class='ocrx_word' id='word_1_332' title='bbox 1368 2684 1494 2718; x_wconf 71' lang='lat' dir='ltr'>Journ.</span> <span class='ocrx_word' id='word_1_333' title='bbox 1521 2684 1565 2728; x_wconf 75' lang='lat' dir='ltr'>qf</span> <span class='ocrx_word' id='word_1_334' title='bbox 1582 2683 1647 2717; x_wconf 81' lang='lat' dir='ltr'>bot.</span> 
     </span>
     <span class='ocr_line' id='line_1_43' title="bbox 411 2735 831 2779; baseline 0.01 -14"><span class='ocrx_word' id='word_1_335' title='bbox 411 2735 517 2767; x_wconf 88' lang='lat'>1844.</span> <span class='ocrx_word' id='word_1_336' title='bbox 539 2746 577 2779; x_wconf 87' lang='lat' dir='ltr'>p.</span> <span class='ocrx_word' id='word_1_337' title='bbox 603 2738 685 2769; x_wconf 83' lang='lat'>572.</span> <span class='ocrx_word' id='word_1_338' title='bbox 710 2748 745 2769; x_wconf 83' lang='lat' dir='ltr'>n.</span> <span class='ocrx_word' id='word_1_339' title='bbox 772 2738 831 2770; x_wconf 72' lang='lat'>48.</span> 
     </span>
    </p>
   </div>
   <div class='ocr_carea' id='block_1_6' title="bbox 134 2788 1649 2954">
    <p class='ocr_par' dir='ltr' id='par_1_8' title="bbox 134 2788 1649 2954">
     <span class='ocr_line' id='line_1_44' title="bbox 230 2788 1147 2837; baseline 0.005 -17"><span class='ocrx_word' id='word_1_340' title='bbox 230 2788 389 2823; x_wconf 86' lang='lat' dir='ltr'>Habitat</span> <span class='ocrx_word' id='word_1_341' title='bbox 414 2790 451 2824; x_wconf 91' lang='lat' dir='ltr'>in</span> <span class='ocrx_word' id='word_1_342' title='bbox 481 2791 589 2827; x_wconf 89' lang='lat' dir='ltr'>Nova</span> <span class='ocrx_word' id='word_1_343' title='bbox 615 2793 818 2828; x_wconf 88' lang='lat' dir='ltr'>Zeelandia</span> <span class='ocrx_word' id='word_1_344' title='bbox 844 2792 1016 2837; x_wconf 89' lang='lat' dir='ltr'>(Hooker</span> <span class='ocrx_word' id='word_1_345' title='bbox 1037 2793 1147 2836; x_wconf 89' lang='lat' dir='ltr'>jun.).</span> 
     </span>
     <span class='ocr_line' id='line_1_45' title="bbox 230 2846 1649 2894; baseline 0.001 -15"><span class='ocrx_word' id='word_1_346' title='bbox 230 2846 387 2881; x_wconf 75' lang='lat' dir='ltr'>Frondes</span> <span class='ocrx_word' id='word_1_347' title='bbox 421 2849 751 2894; x_wconf 88' lang='lat' dir='ltr'>subbipollicares,</span> <span class='ocrx_word' id='word_1_348' title='bbox 793 2851 1176 2890; x_wconf 82' lang='lat' dir='ltr'>lineari-obovatae‚</span> <span class='ocrx_word' id='word_1_349' title='bbox 1224 2848 1329 2892; x_wconf 87' lang='lat' dir='ltr'>apice</span> <span class='ocrx_word' id='word_1_350' title='bbox 1368 2846 1450 2881; x_wconf 92' lang='lat' dir='ltr'>sinu</span> <span class='ocrx_word' id='word_1_351' title='bbox 1491 2852 1649 2891; x_wconf 88' lang='lat' dir='ltr'>angusto</span> 
     </span>
     <span class='ocr_line' id='line_1_46' title="bbox 134 2903 1646 2954; baseline 0.003 -18"><span class='ocrx_word' id='word_1_352' title='bbox 134 2903 298 2947; x_wconf 83' lang='lat' dir='ltr'>divisae,</span> <span class='ocrx_word' id='word_1_353' title='bbox 336 2907 564 2950; x_wconf 84' lang='lat' dir='ltr'>marginibus</span> <span class='ocrx_word' id='word_1_354' title='bbox 601 2911 755 2945; x_wconf 85' lang='lat' dir='ltr'>elevatis</span> <span class='ocrx_word' id='word_1_355' title='bbox 789 2911 963 2946; x_wconf 81' lang='lat' dir='ltr'>scariosis</span> <span class='ocrx_word' id='word_1_356' title='bbox 990 2909 1206 2954; x_wconf 77' lang='lat' dir='ltr'>purpureis3</span> <span class='ocrx_word' id='word_1_357' title='bbox 1243 2906 1321 2951; x_wconf 92' lang='lat' dir='ltr'>pori</span> <span class='ocrx_word' id='word_1_358' title='bbox 1349 2907 1507 2950; x_wconf 83' lang='lat' dir='ltr'>paginae</span> <span class='ocrx_word' id='word_1_359' title='bbox 1534 2917 1646 2950; x_wconf 89' lang='lat' dir='ltr'>supe-</span> 
     </span>
    </p>
   </div>
   <div class='ocr_carea' id='block_1_7' title="bbox 1240 2989 1373 3016">
    <p class='ocr_par' dir='ltr' id='par_1_9' title="bbox 1240 2989 1373 3016">
     <span class='ocr_line' id='line_1_47' title="bbox 1240 2989 1373 3016; baseline 0 0"><span class='ocrx_word' id='word_1_360' title='bbox 1240 2989 1373 3016; x_wconf 45' lang='lat'>*33*</span> 
     </span>
    </p>
   </div>
  </div>
 </body>
</html>
