1824 3252
781 165 923 200 Blasia.
1540 168 1609 200 491

574 279 730 321 XLV.
791 277 1017 323 BlaSia
1054 276 1192 317 Mieh.

92 351 201 385 Linn.
242 355 273 382 et
309 356 416 383 aucte.
478 349 645 383 Dumort.
684 348 814 382 Comm.
852 347 917 381 hot.
945 359 985 392 p.
1019 349 1095 380 115.
1157 344 1246 392 Syll.
1272 344 1457 389 Junyerm.
1487 357 1526 390 p.
1555 347 1612 379 81.

92 422 126 443 η.
151 412 209 443 20.
237 415 261 441 t.
289 408 377 453 2.f.
405 410 463 440 20.
519 407 632 440 Corda
658 408 696 440 in
723 407 831 452 opit:
858 406 975 439 Beier.
1005 405 1034 438 Ι.
1055 417 1094 450 p.
1121 407 1203 439 653.
1231 417 1265 438 η.
1292 408 1325 438 9.
1359 411 1390 437 et
1414 404 1449 438 in
1477 404 1612 438 Sturm.

93 468 154 502 Fl.
183 468 300 501 Germ.
328 467 381 500 II.
414 469 454 499 19
480 473 512 499 et
536 469 595 499 20.
616 479 656 512 p.
683 469 741 500 49.
795 466 840 499 Ν,
868 465 911 498 ab
938 464 984 497 E.
1014 464 1105 510 Hel).
1132 464 1221 497 Eur.
1251 463 1325 497 III.
1355 474 1394 508 p.
1421 464 1503 496 391.
1544 462 1614 498 IV.

87 538 125 572 p.
154 526 283 560 LXII.
310 538 344 559 n.
372 528 430 559 29.
490 525 682 559 Etzcllickei·
710 525 794 558 Gen.
824 538 862 570 p.
895 527 997 558 1339.
1024 537 1058 558 η.
1085 523 1209 568 47213.
1275 522 1434 557 Gotesche
1466 524 1504 556 in
1532 522 1614 557 Act.

94 585 209 619 Acczd.
248 586 334 619 Nat.
372 584 457 617 Cur.
499 583 595 618 XX.
635 588 665 617 1.
695 596 733 629 p.
768 586 851 618 386.
888 590 912 617 t.
950 586 1002 617 17.
1037 582 1293 628 (yermz‘natio)
1342 588 1373 615 et
1419 580 1537 615 XXI.
1580 582 1613 614 2.

86 656 125 689 p.
151 646 233 676 442.
260 646 342 677 443.
393 642 712 686 Jungermanniae
739 653 839 686 spec.
868 642 982 675 Hook.
1010 648 1042 675 et
1068 648 1175 675 auett.

189 702 440 736 Fructificatio
466 701 630 745 perfecta
657 706 782 735 costae
809 700 949 735 frondis
976 700 1169 741 immersa,
1197 699 1407 743 pedunculo
1435 708 1482 732 ex
1510 697 1616 740 apice

94 765 320 803 emergente.
376 761 616 794 Involucrum
651 761 805 794 nullum.
862 759 1119 793 Perianthium
1160 759 1322 799 nullum,
1360 756 1431 790 nisi
1458 759 1617 790 stratum

95 820 312 853 cellularum
340 819 549 861 uniforme,
584 830 657 863 quo
683 819 862 863 pistillum
890 818 1008 851 fertile
1035 818 1072 851 in
1099 817 1298 851 cavitatem
1325 820 1449 850 costae
1475 814 1617 850 frondis

96 879 314 921 demergens
352 878 459 912 initio
500 878 720 921 contegitur.
785 877 932 911 Pistilla
971 877 1109 911 sterilia
1145 875 1414 920 superficialia,
1448 874 1618 918 dispersa

94 937 154 971 vel
202 938 239 971 in
287 938 392 980 apice
446 942 571 971 costae
618 936 850 971 fasciculata.
936 935 1101 978 Capsula
1146 935 1241 968 ovali
1263 955 1278 960 -
1303 934 1476 977 globosa,
1534 932 1618 967 basi

94 997 449 1031 calloso-truncata
486 997 533 1029 ad
568 996 702 1030 callum
738 1006 856 1039 usque
890 998 912 1029 4
938 993 1105 1037 (5-6-)
1141 993 1270 1027 valvis.
1323 993 1492 1026 Elateres
1519 992 1619 1027 circa

93 1056 202 1090 basin
227 1056 361 1097 adfixi,
401 1055 543 1099 bispiri.
604 1055 792 1089 Antherae
828 1053 948 1088 frondi
988 1062 1175 1098 nervoque
1209 1052 1404 1086 immersae
1437 1061 1615 1096 squamu-

93 1114 206 1157 laque
246 1114 383 1148 dorsali
424 1114 580 1147 dentata
615 1118 758 1154 tectae,
808 1113 1071 1156 subglobosae.
1135 1112 1317 1144 Gemmae
1358 1111 1396 1145 in
1434 1110 1618 1151 utriculis,

95 1172 404 1217 infraapicalibus
438 1172 616 1207 solitariis
649 1172 854 1215 geminisve
882 1171 1022 1205 frondis
1050 1174 1175 1204 costae
1202 1169 1387 1204 immersis
1414 1168 1618 1212 tubuloque

96 1232 306 1266 excretorio
333 1232 584 1266 adscendente
611 1231 789 1276 praeditis
816 1231 1007 1270 collectae,
1035 1230 1296 1271 subglobosae‚
1323 1228 1536 1271 polyedrae.

194 1291 410 1335 Propagula
436 1292 472 1325 in
499 1292 668 1335 globulos
695 1290 1001 1329 intercellulares,
1028 1289 1123 1332 parti
1145 1288 1452 1321 membranaceae
1479 1286 1619 1321 frondis

97 1351 300 1391 immersos,
326 1350 476 1394 virides,
506 1354 714 1394 compacta,
742 1350 897 1390 minuta,
925 1348 1165 1391 subgffibosa,
1192 1346 1392 1390 pellucida.

193 1408 359 1443 Frondes
381 1414 484 1443 costa
504 1409 627 1443 media
653 1407 832 1454 (subinde
853 1407 1037 1449 obsoleta)
1056 1406 1260 1449 praeditae,
1288 1404 1462 1438 radiatim
1488 1403 1616 1438 dicho-

99 1473 233 1510 tomae‚
260 1468 689 1512 pinnatifido-sinuatae,
717 1468 917 1507 rosulatae‚
946 1476 1100 1499 amoene
1127 1464 1278 1506 virides,
1305 1464 1557 1498 succulentae.

192 1527 283 1562 Vita
309 1527 495 1562 terrestris
522 1527 559 1561 in
587 1528 673 1561 limo
699 1528 850 1572 soloque
885 1525 1057 1566 humido,
1094 1523 1272 1557 radiculis
1306 1535 1325 1557 e
1359 1527 1463 1557 costa
1495 1522 1619 1557 media

98 1586 416 1630 provenientibus,
431 1586 582 1621 crebris.
611 1586 765 1629 Species
780 1597 866 1627 una,
881 1586 917 1618 in
929 1586 1080 1628 Europa
1093 1585 1312 1619 etAmerica
1327 1588 1420 1629 sept.
1436 1595 1619 1619 crescens.

539 1670 570 1700 1.
621 1666 819 1701 Blasia
839 1666 1048 1709 pusilla
1073 1665 1183 1699 Linn.

100 1725 148 1759 .N.
176 1724 218 1758 ab
243 1725 289 1759 E.
317 1726 409 1771 Hep.
437 1725 529 1759 Eur.
555 1726 631 1760 III.
652 1738 692 1771 p.
718 1728 800 1760 401.
843 1725 912 1758 IV.
938 1736 974 1768 p.
1001 1725 1131 1759 LXII.

123 1784 167 1818 A.
195 1784 369 1825 Hookeri,
410 1787 542 1816 laciniis
584 1786 946 1828 pinnatifido-lobatis
986 1785 1177 1823 undulafis,
1217 1792 1309 1815 costa
1351 1781 1481 1813 tumida
1520 1793 1620 1826 supra

196 1844 534 1875 fibroso-lineolata.

376 1903 483 1934 Blasia
509 1904 632 1945 pusilla
657 1902 700 1934 A.
729 1900 881 1934 Hookeri
909 1902 957 1935 Ν.
985 1901 1027 1935 αἶ)
1055 1901 1101 1934 Ε.
1130 1901 1152 1934 l.
1179 1913 1207 1934 c.

170 1967 206 2003 ἄ,
234 1960 392 2006 fertilis,
429 1961 611 1993 frondibus
648 1961 904 2004 augustioribus
940 1960 1193 1992 subliuearibus
1233 1959 1622 2002 sinuato-pinnatifidis,

244 2030 335 2053 costa
364 2032 473 2052 crassa
500 2021 619 2052 subtus
647 2021 805 2052 discreta.

378 2080 426 2112 N.
452 2078 496 2112 ab
522 2079 568 2112 E.
596 2079 618 2114 l.
645 2092 672 2114 c.
725 2078 887 2112 Gottsche
913 2078 964 2112 Ic.
992 2077 1084 2122 Hep.
1111 2077 1230 2109 inedit.

206 2145 230 2165 α
248 2145 279 2178 1,
296 2137 505 2183 fructifera,
522 2140 645 2170 fronde
662 2139 775 2170 miuus
795 2138 910 2177 divisa,
928 2138 1133 2180 plerumque
1153 2137 1318 2167 intensius
1334 2136 1433 2167 viridi
1453 2136 1623 2167 crassiori.

380 2197 428 2230 N.
455 2196 497 2229 ab
522 2196 568 2230 E.
595 2196 618 2230 l.
645 2209 671 2230 e.

380 2257 487 2288 Blasia
514 2257 634 2298 pusilla
670 2255 836 2288 Durum-t.
866 2255 996 2288 comm.
1023 2253 1089 2288 bot.
1121 2265 1157 2299 p.
1187 2256 1268 2287 115.
1318 2251 1442 2285 Funck
1469 2251 1530 2285 Cr.
1557 2263 1623 2285 exs.

428 2313 608 2347 XXXV.
635 2327 669 2347 η.
695 2317 778 2348 713.

379 2374 653 2415 Jungermannia
670 2374 778 2404 Blasia
804 2372 920 2406 Hook.
940 2371 1041 2405 Brit.
1058 2371 1238 2415 szyerm.
1254 2375 1280 2404 t.
1296 2372 1342 2403 83
1356 2376 1387 2402 et
1401 2369 1532 2413 84.f.4
1546 2375 1579 2402 et
1588 2372 1623 2403 5.

428 2431 488 2465 Fl.
505 2432 599 2466 Scot.
625 2431 677 2465 ΙΙ.
700 2444 737 2477 p.
756 2434 958 2465 118.n.58.
1010 2430 1196 2464 Beilsehm.
1224 2437 1256 2463 et
1283 2427 1388 2463 Nab
1403 2428 1450 2461 E.
1466 2430 1504 2461 in
1517 2427 1624 2462 Βίαν.

428 2490 494 2525 bot.
524 2490 662 2524 Ratisb.
689 2503 722 2523 a.
753 2493 856 2524 1824.
885 2490 936 2523 II.
959 2502 997 2535 p.
1024 2493 1108 2524 641.
1135 2502 1203 2535 sqq.
1237 2496 1260 2521 t.
1296 2491 1324 2522 1.
1376 2487 1563 2521 Beilsclam.
1590 2488 1624 2520 in

430 2550 542 2584 Diar.
570 2549 635 2583 bot.
664 2549 804 2583 Ratisb.
834 2552 938 2583 1830.
972 2549 1002 2581 I.
1034 2561 1071 2594 p.
1098 2552 1155 2583 79.
1190 2560 1260 2593 sqq.
1312 2546 1428 2580 Hook.
1445 2545 1545 2579 Brit.
1568 2544 1627 2578 FI.

432 2609 480 2643 V.
511 2613 541 2644 1.
565 2622 601 2655 p.
635 2611 713 2642 126.
740 2621 776 2642 n.
803 2611 861 2643 77.
917 2608 1084 2642 Lindenb.
1112 2608 1205 2653 Hep.
1234 2607 1325 2640 Eur.
1349 2618 1385 2651 p.
1399 2608 1457 2640 96.
1483 2617 1518 2639 η.
1547 2607 1626 2639 101.

384 2670 491 2701 Blasia
519 2667 672 2701 Hookeri
707 2668 823 2702 Corda
848 2668 885 2701 in.
910 2667 1046 2702 Sturm.
1075 2667 1175 2701 Flor.
1205 2666 1324 2700 Germ.
1358 2665 1409 2698 II.
1442 2667 1485 2698 19
1509 2669 1542 2696 et
1568 2665 1626 2697 20.

424 2727 463 2761 p.
491 2719 548 2750 49.
584 2723 608 2750 t.
641 2719 694 2750 13.

385 2776 493 2807 Blasia
519 2777 716 2818 germanica
745 2773 861 2808 Corda
887 2773 910 2807 l.
935 2787 965 2809 c.
990 2777 1038 2809 26
1062 2782 1093 2809 et
1119 2777 1178 2808 27.
1199 2785 1238 2819 p.
1268 2775 1347 2806 131.
1376 2778 1400 2804 t.
1425 2773 1484 2805 36.

227 2847 252 2867 α
273 2840 288 2864 1
306 2832 339 2874 *,
368 2835 503 2875 capsula
531 2835 857 2878 quinque-sexfida.
892 2853 938 2859 -—
973 2835 1020 2868 N.
1047 2834 1090 2868 ab
1116 2834 1162 2867 Ε.
1188 2833 1212 2868 l.
1238 2845 1265 2866 c.
1286 2845 1325 2878 p.
1350 2834 1434 2866 402.

386 2894 653 2936 Jungermannia
666 2895 780 2927 biloba
793 2893 934 2928 Swartz
944 2893 1016 2928 Ms.
1032 2894 1069 2927 in
1085 2891 1176 2926 Web.
1195 2891 1275 2927 Iud.
1293 2891 1389 2927 Mus.
1399 2896 1510 2937 crypt.
1527 2892 1627 2926 1803.
