1824 3252
157 194 230 227 638
809 190 1055 234 Plagiochila.

159 320 196 353 p.
221 312 282 344 37.
342 309 391 342 32
410 307 445 341 h.
473 305 825 349 Plautiae-hila
849 305 1208 342 heterodonta
1233 308 1338 352 Tayl.
1356 313 1393 343 et
1409 308 1627 354 Hook.jun.

256 367 319 401 Pl.
346 366 441 401 caule
465 365 646 411 caespitoso
670 372 780 398 erecto
808 378 963 407 ramoso,
989 368 1101 401 ramis
1125 369 1246 401 erectis
1271 367 1568 414 sulgfascieulutis,
1591 369 1698 416 foliis

156 426 482 473 erecto-patentibus
508 424 704 459 imbricatis
726 424 890 468 obviatis,
918 427 1077 472 marqine
1101 427 1277 473 superiori
1294 429 1507 470 decurrente,
1533 430 1569 463 iu
1591 431 1698 464 erim-i

158 488 254 532 apice
286 484 739 530 emat-qinato-bidentum,
779 493 931 521 ceterum
964 486 1194 533 inaequaliter
1227 487 1460 529 denticulato,
1498 489 1699 534 periuntliio

159 546 339 581 terminali
352 545 460 591 soliis
487 544 755 579 incolum-alffius
781 548 913 581 minore
939 546 1238 581 oculi-rotundato
1263 547 1555 582 ‹lentato-cilium.

350 607 623 648 Jungermanuia
653 606 882 640 heterodonta
922 607 1025 653 Tayl.
1054 607 1147 653 Hep.
1175 614 1327 642 nutaret.
1362 608 1400 642 in
1428 609 1540 643 Loml.
1567 608 1696 642 Journ.

437 664 482 710 of
501 663 567 699 bot.
597 668 701 699 1844.
724 677 762 711 p.
790 670 874 702 460.
900 679 935 701 η.
965 671 1022 703 12.

254 738 416 773 Habitat
442 739 480 773 in
505 739 754 783 Kerguelen’s
783 739 925 773 Island.
976 740 1037 783 (0²
1066 745 1103 774 et
1138 736 1192 784 (Β)

254 800 451 843 Caespitcs
486 799 571 837 lati.
607 799 763 833 olivaeei
792 799 940 835 coloris.
993 799 1118 834 Caules
1145 800 1221 834 scre
1247 802 1271 833 2
1297 799 1453 844 pollices
1481 799 1567 839 alti,
1602 798 1696 833 irre—

156 859 336 903 gulariter
364 859 513 894 ramosi.
565 859 673 893 Folia
700 859 903 893 imbricata
930 860 1338 895 obovato-rotundata
1367 865 1431 893 aut
1457 860 1563 903 apice
1591 859 1697 893 latis-

156 920 250 953 sima
278 921 573 955 denticulatione
601 921 814 965 inaequali}
849 920 884 954 in
914 922 1104 955 nonnullis
1138 921 1235 955 soliis
1269 920 1515 962 ernarginatio
1542 920 1578 953 in
1606 920 1700 954 duos

156 980 262 1013 lobos
291 980 512 1020 evidentior,
539 991 637 1025 quae
665 981 701 1014 in
731 980 918 1020 omnibus,
947 992 1173 1026 quamquain
1202 980 1420 1021 obsoletior,
1454 981 1571 1015 videri
1599 980 1699 1014 licet.

158 1040 408 1074 Pei-i'auelu'um
436 1041 629 1075 involucro
659 1041 820 1079 brevius,
849 1052 912 1075 ore
941 1043 1122 1082 rotundo,
1150 1040 1355 1081 bilabiato,
1386 1039 1527 1073 minute
1555 1039 1692 1074 ciliato.

154 1098 418 1145 InJ‘lorescentiu
449 1100 599 1134 muscula
627 1101 663 1134 in
693 1101 806 1145 spicis
831 1101 1031 1141 brevibus,
1067 1101 1351 1139 terminalibus,
1380 1100 1570 1144 angustis;
1613 1100 1700 1135 solia

150 1160 387 1205 pei-iymu'ulia
407 1160 565 1200 minuta,
597 1166 733 1198 crecta,
750 1161 961 1201 imbricata,
985 1162 1192 1201 bidentata,
1218 1162 1324 1206 apice
1346 1161 1472 1205 paullo
1489 1171 1700 1204 squarrosa.

253 1220 285 1254 A
308 1220 532 1265 l'layiocliilu
562 1220 741 1267 seiopliila,
777 1222 883 1254 euius
906 1222 993 1255 folia
1021 1222 1133 1255 etiam
1161 1220 1574 1265 cmarginato-dentata
1601 1223 1700 1260 sunt,

155 1283 301 1313 statura
336 1281 478 1314 minore
506 1285 542 1314 ct
571 1287 716 1320 erecta,
764 1281 861 1314 soliis
905 1287 1005 1315 arcte
1050 1282 1258 1316 imbricatis
1300 1281 1542 1325 margineque
1580 1279 1699 1323 magis

155 1340 394 1374 denticulatis
423 1340 556 1374 diss‘ert.

155 1446 191 1479 p.
219 1439 278 1469 37.
331 1439 377 1470 32
394 1448 424 1470 c.
453 1438 804 1483 Pettqioclailcc
831 1438 1159 1473 ‹naisodouta
1188 1434 1578 1480 Hook.jun.etTa3-l.

254 1507 317 1540 Pl.
352 1507 449 1540 caule
486 1515 644 1554 repente,
689 1510 799 1541 ramis
830 1510 949 1542 erectis
982 1508 1280 1555 subsimplieibus,
1310 1507 1417 1554 Jbliis
1447 1505 1701 1552 adproximatis

155 1567 365 1609 contusuisve
398 1567 740 1602 sublioi·t':out(1l‹'bus
779 1569 919 1602 ‹li'sticlae
948 1569 1151 1615 patentibus
1186 1568 1415 1616 plmziuseulis
1447 1564 1698 1600 sublimat-ibus

154 1627 315 1670 oumyz'ue
362 1628 492 1662 (lorsuli
535 1629 671 1673 Iviigsi'us
719 1629 980 1663 ‹leem-rentibus
1016 1631 1251 1675 {nuperrimis
1290 1628 1441 1663 muti-ali
1485 1626 1698 1671 subrepumlo

154 1687 248 1731 apice
278 1688 717 1733 eniciiyinalo-bitleututi's
751 1690 912 1724 (lentibus
940 1690 1178 1735 inaequalibus
1205 1691 1416 1724 acuminatis
1441 1687 1593 1720 (lentisve
1618 1687 1698 1719 sinu

156 1745 248 1779 brevi
272 1746 402 1782 obtuso.

349 1810 624 1851 Juugermannia
661 1811 867 1844 anisodonta
898 1811 1031 1859 Tuylor
1057 1812 1150 1859 Hep.
1178 1817 1332 1846 nutaret.
1368 1812 1405 1845 iu
1430 1813 1542 1847 Loud.
1570 1812 1697 1847 Jouru.

438 1869 483 1913 of
501 1869 567 1903 boc.
599 1873 702 1905 1845.
723 1883 762 1916 p.
790 1874 848 1906 79.
876 1884 910 1907 n.
938 1876 973 1907 2.

255 1940 416 1974 Habitat
443 1942 480 1975 in
509 1942 639 1976 Insula
668 1942 724 1976 St.
757 1943 925 1978 Helenae
952 1944 1049 1987 (Hb.
1077 1943 1213 1987 TayL).
1247 1963 1249 1965 ·

255 2000 370 2034 Rumi
406 2002 532 2042 erecti,
568 2003 789 2045 pollicares‚
830 2003 1032 2047 simplices,
1068 2004 1189 2037 rarius
1215 2013 1328 2047 parce
1356 2003 1512 2045 ramosi,
1547 2007 1697 2043 teretes,

162 2059 282 2094 dilute
311 2061 418 2095 susci.
471 2061 576 2094 Folia
604 2062 730 2095 infima
756 2062 901 2096 minora
929 2063 1130 2103 distantia,
1167 2062 1359 2106 superiora
1384 2062 1504 2106 magis
1531 2063 1699 2097 conserta

158 2131 230 2154 non
248 2131 337 2155 vero
365 2126 466 2155 arcte
483 2122 695 2163 imbricata,
724 2123 862 2156 sensim
883 2122 1064 2166 longiora,
1092 2127 1112 2163 ᾗ
1127 2143 1143 2148 -
1159 2124 1178 2165 7³»
1196 2123 1258 2156 lin.
1276 2123 1399 2165 longa,
1426 2124 1447 2163 ὲ
1463 2143 1477 2148 -
1490 2126 1509 2163 ὲ
1526 2123 1589 2156 lin.
1608 2123 1697 2164 lata,

158 2180 319 2214 disticho
346 2181 631 2216 horizontaliter·
659 2182 841 2226 patentia,
871 2182 951 2215 basi
971 2183 1098 2226 paullo
1125 2182 1276 2227 oblique
1298 2182 1395 2215 cauli
1424 2183 1576 2223 adnata,
1603 2194 1694 2218 con-

156 2240 395 2283 vernus-cula,
424 2241 671 2283 sublinearia,
700 2243 865 2286 margine
893 2242 1030 2276 dorsali
1053 2247 1154 2276 recta
1182 2242 1264 2276 basi
1282 2243 1428 2286 longius
1444 2243 1696 2285 decurrentia,

157 2300 420 2344 integerrima,
460 2302 621 2335 ventrali
663 2302 895 2347 aliquantum
942 2303 1144 2336 rotundata
1180 2303 1541 2346 repando-arenata
1580 2303 1698 2336 rarius

157 2360 416 2405 integerrima,
443 2361 551 2405 apice
579 2362 730 2406 oblique
758 2361 1193 2404 truncato-emarginata
1219 2363 1277 2396 vel
1305 2362 1416 2396 bifida
1444 2362 1501 2396 vel
1525 2366 1698 2395 truncata

158 2425 195 2454 et
222 2421 260 2455 in
289 2421 424 2456 breves
452 2422 584 2456 dentes
613 2423 788 2467 utrinque
814 2422 1011 2466 producta.
1047 2421 1227 2456 Laciniae
1250 2423 1308 2456 x'el
1326 2422 1459 2456 dentes
1478 2421 1697 2466 inaequales

155 2481 330 2521 (inferior
357 2483 474 2515 multo
501 2481 639 2526 minor)
676 2482 882 2516 acuminati
917 2482 1007 2515 recti
1035 2482 1223 2516 interdum
1250 2482 1414 2516 subulati
1442 2481 1696 2515 conniventes.

158 2539 299 2575 Rarius
336 2541 374 2575 in
415 2542 492 2576 solii
527 2543 694 2585 margine
731 2543 789 2576 vel
827 2542 965 2577 dor-sali
1003 2543 1059 2575 vel
1095 2543 1256 2576 ventrali
1284 2543 1377 2576 dens
1404 2543 1550 2577 accedit
1576 2545 1633 2578 vel
1660 2548 1697 2578 et

157 2602 295 2636 lacinia
324 2601 480 2647 apicalis
506 2601 628 2636 maior
655 2602 767 2636 dente
793 2612 869 2636 uno
897 2602 1061 2636 alterove
1087 2601 1272 2635 instructa
1293 2606 1361 2635 est.
1415 2601 1695 2647 Nonnunquam

157 2673 307 2707 quoque
352 2662 481 2697 solium
527 2663 633 2697 adest
671 2673 786 2696 unum
826 2662 1032 2695 alterumve
1066 2661 1475 2696 ovato-lanceolatum
1510 2662 1694 2706 integrum

160 2728 327 2757 acutum.
378 2723 547 2757 Textura
574 2722 749 2768 spissior3
779 2723 928 2756 areolae
957 2722 1085 2755 ovales
1110 2720 1317 2765 parietibus
1344 2720 1479 2755 crassis
1502 2721 1693 2756 limitatae.

158 2782 191 2816 Ε
218 2783 326 2816 caule
353 2787 391 2816 et
418 2793 437 2816 e
464 2782 564 2817 foliis
589 2782 778 2817 interdum
805 2781 962 2814 fibrillae
989 2782 1183 2816 flexuosae
1209 2781 1390 2815 oriuntur.

253 2844 426 2877 Maxime
460 2843 578 2877 affinis
613 2842 675 2876 Pl.
703 2840 909 2888 sciopliilae‚
946 2841 1012 2876 sed
1048 2841 1220 2875 soliorum
1247 2841 1425 2876 dentibus
1451 2840 1560 2874 valde
1585 2840 1690 2874 inae-

158 2904 347 2949 qualibus,
376 2903 474 2939 foliis
501 2903 671 2947 margine
693 2900 946 2945 integerrimis
966 2901 1024 2935 vel
1043 2901 1247 2935 crenulatis
1268 2912 1351 2936 raro
1373 2901 1485 2936 dente
1501 2900 1697 2937 instructis

159 2963 207 2998 ab
234 2963 304 2997 hac
331 2967 373 2998 ut
399 2974 548 3009 quoque
576 2973 598 2998 a
626 2962 688 2998 Pl.
718 2962 811 3007 laxa,
837 2960 1031 2996 diclzotoma
1057 2966 1148 3005 etc.,
1176 2961 1433 3006 distinguitur.
