1824 3252
738 195 982 239 Plagiochila.
1548 200 1614 231 641

103 305 379 349 amplectentia,
410 307 516 351 apice
542 307 710 352 patentia
739 310 922 345 subacuta
949 310 1006 344 vel
1033 309 1270 353 integerrima
1295 310 1353 344 vel
1378 311 1484 355 apice
1510 323 1622 356 parce

102 364 269 401 dentata.
322 366 508 402 Antherae
537 369 726 411 globosae,
753 370 935 414 pedicello
960 370 1069 413 longo
1093 369 1195 404 tenui
1223 369 1436 405 insidentes.

199 424 334 459 Differt
361 437 381 459 a
409 427 471 461 Pl.
494 429 751 475 mam-ostaeleya
778 429 875 464 soliis
903 429 984 463 basi
1012 430 1118 463 valde
1145 430 1268 473 gibbis
1293 430 1459 473 margine
1486 430 1622 465 dorsali

103 482 210 527 apice
237 490 398 529 excepto
424 487 664 531 integerrimo
691 493 728 523 et
755 489 883 532 spicae
910 489 1099 523 masculae
1126 489 1254 524 forma.
1314 489 1374 523 Pl.
1407 490 1622 532 Vim-emina,

102 545 226 589 quoad
266 544 420 579 formam
460 546 629 580 soliorum
667 548 864 591 proxima,
906 548 1145 591 distinguitur
1181 548 1292 582 ramis
1330 548 1484 590 strictis,
1527 550 1623 584 foliis

103 602 242 637 arctius
279 606 485 640 imbricatis
523 606 605 640 basi
642 606 763 641 minus
803 608 983 642 convexis
1023 607 1397 649 dentato-serratis,
1446 609 1623 643 dentibus

102 664 298 699 latioribus
325 671 362 699 et
387 668 491 709 spica
517 666 696 699 mascula.

101 770 138 802 p.
165 761 223 793 38.
300 761 347 792 36
369 758 405 792 b.
445 758 784 803 Plagiochz‘la
810 759 1110 793 darie-aulis
1137 758 1354 803 Hook.jun.
1372 766 1409 794 et
1422 761 1526 804 Tayl.

202 830 267 864 Pl.
294 829 391 863 caule
416 829 491 862 lasz-e
516 831 701 875 caespitoso
726 835 832 863 erecto
855 842 1001 868 ramoso,
1022 829 1127 874 foliis
1151 830 1407 866 subimbricatis
1426 833 1625 878 patentibus

101 891 339 924 semicordatis
363 887 683 922 subdecurrentibus
709 888 783 922 basi
802 890 933 934 postica
958 889 1166 929 ventricosa‚
1200 892 1356 935 margine
1383 892 1546 936 inferiori
1569 906 1622 926 re-

101 960 202 982 curvo
226 956 369 993 utroque
393 947 614 981 denticulato.

294 1009 563 1049 Jungermannia
592 1008 776 1039 duricanlis
813 1005 943 1052 Taylor
975 1007 1069 1052 Hep.
1103 1014 1251 1042 amaret.
1287 1010 1322 1042 in
1356 1008 1468 1043 Loml.
1493 1011 1621 1048 Journ.

381 1066 425 1111 qs
444 1065 510 1099 bot.
541 1069 643 1100 1844.
664 1078 703 1111 p.
729 1068 812 1099 458.
839 1078 874 1098 η.
903 1069 935 1100 8.

198 1125 391 1170 Frequens
419 1126 455 1159 in
483 1126 594 1169 sylvis
620 1126 656 1159 iu
686 1125 855 1158 Hermite
883 1125 1024 1166 Island‚
1053 1126 1156 1169 Cape
1183 1126 1301 1161 Horn.

200 1186 398 1229 caespites
425 1185 515 1226 laxi,
542 1186 681 1228 pallide
703 1185 768 1219 sed
796 1184 945 1218 sordide
971 1185 1129 1218 olivacei
1155 1186 1301 1219 coloris.
1355 1186 1502 1221 Surculi
1525 1200 1619 1234 qua-

103 1246 361 1288 dripollicares
378 1271 386 1284 ‚
427 1245 680 1288 irregulariter
706 1244 855 1278 ramosi.
916 1244 1021 1278 Folia
1061 1245 1227 1288 paullum
1268 1245 1477 1287 imbricata,
1519 1254 1624 1292 parte

105 1305 264 1338 ventrali
307 1315 404 1348 pone
452 1304 702 1345 conveniunt,
752 1304 852 1338 unde
894 1304 1008 1338 crista
1052 1303 1252 1345 formatur3
1305 1314 1431 1346 margo
1472 1306 1623 1341 inferior

103 1363 322 1406 (dorsalis?)
350 1363 447 1406 plica
467 1363 625 1396 rotunda
644 1367 876 1404 recurvatus,
904 1362 1072 1406 superior
1101 1362 1339 1407 (ventralisi)
1368 1365 1534 1407 paullum
1560 1365 1620 1399 in-

103 1427 280 1457 curvatur
307 1433 402 1466 pone
430 1422 593 1464 caulem3
628 1422 717 1457 folia
751 1422 902 1456 omnino
929 1422 1108 1463 rotunda,
1149 1422 1288 1457 minute
1323 1422 1554 1458 denticulata
1587 1429 1624 1459 et

103 1483 148 1524 l}
168 1481 230 1514 lin.
249 1481 372 1524 longa.
419 1481 696 1516 lnssorescentia
717 1482 924 1515 masculina
939 1482 1080 1525 spicam
1102 1482 1248 1516 brevem
1266 1482 1496 1517 terminalem
1513 1485 1622 1518 sistit.

199 1541 340 1575 Similis
366 1542 458 1576 haec
486 1542 803 1587 Play.fl‹1eciclae‚
830 1553 926 1586 quae
954 1546 1078 1575 tamen
1105 1542 1216 1575 ramis
1243 1546 1280 1576 et
1306 1542 1403 1576 foliis
1428 1543 1623 1577 latioribus

102 1601 355 1646 minutiusque
381 1601 618 1635 denticulatis
645 1605 682 1634 et
707 1601 972 1635 ramificatione
998 1601 1118 1645 magis
1145 1601 1350 1645 composita
1376 1602 1525 1644 gaudet.

199 1661 308 1695 Obs.
368 1659 685 1704 (Lindenbergii.)
756 1660 954 1694 Simillima
989 1660 1096 1705 Play.
1129 1668 1256 1694 ovatae.
1328 1660 1457 1694 Caulis
1500 1660 1625 1703 paullo

102 1717 266 1760 rigidior.
319 1719 423 1753 Folia
451 1724 551 1753 arcte
578 1719 789 1760 imbricata,
816 1720 934 1763 magis
962 1720 1147 1762 elongata,
1175 1720 1295 1753 minus
1324 1704 1622 1760 arete'dentata,

101 1776 268 1820 margine
302 1778 438 1811 dorsali
468 1779 606 1813 reflexo
625 1799 638 1804 -
662 1779 874 1821 convoluto,
910 1779 1087 1814 remotius
1121 1784 1273 1813 serrata.
1333 1779 1500 1814 Textura
1528 1790 1620 1813 non-

101 1835 191 1869 nihil
217 1836 376 1872 diversa.

101 1939 137 1972 p.
164 1933 211 1964 38
389 1934 447 1965 37.
490 1931 827 1977 Playiocln‘la
854 1931 1191 1965 adiantoides
1218 1930 1337 1973 Ldbg.

103 1999 247 2033 Crescit
273 2000 384 2034 etiam
413 2002 449 2035 in
478 2013 590 2045 regno
619 2001 822 2036 Mexicano
851 2002 1092 2046 (Liebman)‚
1120 2003 1156 2035 in
1185 2001 1381 2036 Columbia
1410 2002 1456 2035 ad
1478 2003 1625 2037 Merida

196 2060 379 2105 (Moritz).

102 2167 138 2200 p.
164 2159 222 2190 38.
363 2160 406 2191 37
426 2157 461 2190 b.
501 2158 843 2202 Pltiyiocleilci
863 2156 1185 2201 pachylmna
1210 2155 1357 2198 Taylor.

201 2227 262 2261 Pl.
289 2227 385 2261 caule
410 2227 486 2261 laci-e
512 2229 709 2273 caespitem,
742 2226 889 2262 surculis
912 2225 1122 2271 simplicibus
1153 2225 1430 2259 adscendentibus
1453 2227 1625 2273 substent-

103 2287 178 2327 θεῖε,
194 2286 301 2332 foliis
326 2286 517 2320 imbricatis
536 2288 734 2333 patentibus
761 2286 828 2320 late
853 2285 1180 2319 ‹limicliato—o'vatis
1211 2284 1338 2318 obtusis
1362 2287 1518 2330 maryine
1541 2300 1620 2322 ven-

104 2345 189 2379 trali
230 2345 346 2379 ciliato
384 2347 525 2380 cristato
567 2346 697 2379 dorsali
733 2346 929 2389 maryinato
970 2344 1190 2387 inteyerrimo
1225 2355 1387 2387 recurvo,
1420 2347 1625 2390 periantlu'o

104 2405 280 2440 terminali
305 2417 429 2438 emerso
455 2411 552 2439 ovato
577 2405 709 2451 oblique
733 2410 893 2438 truncato
916 2415 972 2435 ore
997 2403 1140 2448 spinoso.

296 2465 502 2507 Plagiocbila
529 2467 728 2509 pacbyloma
760 2462 889 2509 Taylor
916 2462 1003 2495 Nov.
1031 2461 1124 2506 Hep.
1151 2462 1187 2493 in
1214 2460 1324 2494 Lond.
1346 2460 1472 2496 Journ.
1500 2462 1623 2506 ffbot.

385 2526 488 2558 1846.
510 2535 547 2569 p.
575 2526 656 2557 267.
684 2536 718 2558 n.
745 2526 805 2556 22.

201 2581 361 2616 Habitat
388 2583 425 2616 in
454 2583 661 2616 Picliincha
691 2582 875 2615 Peruviae
897 2581 1090 2624 (Jameson
1119 2579 1156 2612 in
1187 2579 1260 2612 Hb.
1290 2578 1400 2622 Hk.).

202 2641 340 2675 Caules
369 2648 568 2685 vagantes,
596 2640 895 2676 fusco-olivacei.
947 2639 1094 2673 Surculi
1121 2642 1176 2671 2-
1194 2641 1216 2671 3
1243 2638 1331 2681 poll.
1358 2637 1468 2680 longi.
1520 2637 1626 2671 Folia

106 2710 292 2740 concava,
327 2700 512 2735 interdum
540 2701 725 2742 secunda,
773 2700 869 2734 ciliis
909 2698 1090 2741 elongatis
1123 2697 1402 2741 articulatisque
1435 2697 1625 2740 praedita;

106 2759 191 2793 folia
236 2759 464 2794 involvam-alia
505 2766 650 2801 erecta,
698 2758 906 2804 perianthio
946 2757 1117 2792 breviora
1134 2783 1142 2798 ,
1193 2755 1353 2790 caulinis
1395 2756 1623 2790 rotundiora.

107 2818 361 2863 Lgflorescencia
377 2820 530 2853 mascula
548 2823 674 2864 spicae
696 2820 855 2853 lineares
880 2817 917 2851 in
943 2817 1067 2851 medio
1095 2816 1255 2856 surculo,
1282 2815 1369 2849 folia
1388 2814 1625 2861 periyoniale'a

107 2877 201 2910 ciliis
227 2877 420 2912 destituta.
461 2879 632 2923 Margine
659 2879 865 2913 incrassato
891 2877 1074 2918 foliorum,
1102 2875 1163 2919 qui
1191 2885 1273 2908 cum
1299 2874 1395 2908 ciliis
1420 2874 1624 2908 saturatius

107 2935 235 2970 fuscus
261 2946 371 2981 quam
400 2937 540 2982 reliqua
569 2937 645 2972 solii
673 2949 759 2981 pars
783 2942 852 2979 est,
878 2937 971 2971 haec
995 2940 1123 2970 nostra
1147 2933 1269 2968 differt
1293 2946 1313 2968 a
1334 2933 1394 2968 Pl.
1417 2933 1622 2979 lonyispina.

1224 3019 1276 3045 41
