1824 3252
215 182 287 214 764
879 176 1073 220 Lejeunia.

214 294 372 336 minuta,
400 303 529 328 eorum
558 291 647 326 folia
674 294 814 332 erecta,
843 290 1053 329 subacuta,
1081 290 1244 325 caulinis
1271 291 1337 328 vix
1364 291 1526 335 maiora,
1555 292 1753 338 amphiga-

217 355 348 389 strium
384 352 616 389 involucrale
651 351 1105 385 obovato-rotundatum
1140 350 1248 395 apice
1282 351 1424 387 fissum.
1490 352 1757 400 Amphiqastrz'a

217 412 440 447 maiuscula.
493 412 654 446 Areolae
682 411 855 445 foliorum
883 416 919 445 et
941 411 1294 456 ampbigastriorum
1322 412 1510 446 interdum
1539 413 1634 448 serie
1660 414 1754 449 irre-

216 473 336 516 gulari
353 472 564 506 areolarum
584 471 769 506 minorum
787 471 926 505 circum
950 472 1154 515 marginem
1175 471 1444 506 circumdatae.
1472 472 1759 519 ALgthabulai-z?

217 531 342 565 differt
368 530 468 565 foliis
495 531 756 566 obtusioribus
784 536 821 566 et
848 532 968 574 magis
1004 531 1211 565 imbricatis
1248 536 1284 566 et
1320 532 1599 576 amphigastriis
1635 533 1755 568 maio-

217 591 319 625 ribus
346 601 508 634 superne
536 591 757 636 simpliciter
777 591 874 625 fissis
896 591 1101 635 segmentis
1126 602 1198 626 non
1223 591 1454 627 divaricatis.
1495 592 1651 636 (Taylor
1669 593 1692 627 Ι.
1709 594 1760 638 c.)

217 684 253 717 p.
279 675 363 708 375.
468 676 536 708 160
553 674 587 707 b.
642 673 908 719 Lejeunia
935 674 1193 720 ambigua
1219 674 1605 717 Ldbg.etG01tsche.

315 733 359 768 L.
387 733 484 768 caule
510 739 646 780 repente
671 734 870 768 inordinate
894 746 1047 775 ramoso,
1073 734 1180 779 foliis
1211 734 1404 768 imbricatis
1437 735 1571 781 oblique
1595 737 1704 771 ovatis
1728 743 1758 770 et

215 793 369 828 obovatz's
392 793 522 828 obtusis
547 793 598 827 vel
622 794 846 829 acutiusculis
880 796 1038 839 maryine
1063 794 1214 828 ventrali
1237 794 1625 841 sinuato-complicatis
1649 795 1762 830 lobulo

216 853 406 888 maiusculo
433 854 566 900 inflato,
594 854 860 900 ampliigyastriis
887 855 1024 888 remotis
1050 855 1195 888 minutis
1219 856 1499 889 ovato-rotundis
1524 862 1621 889 aetite
1647 855 1761 902 bifidis

215 927 314 962 saepe
338 915 512 955 obsoletis,
541 915 672 960 fructu
705 916 739 948 in
777 914 913 948 ramulo
946 914 1141 948 brevissimo
1176 914 1335 955 laterali,
1362 914 1468 960 soliis
1492 915 1762 949 incolum-alibius

192 969 199 971 ‚
210 975 333 1020 parvis
359 973 469 1008 lobulo
489 977 598 1021 plano
623 982 723 1009 acuto
742 975 876 1022 patulo,
899 975 1103 1022 periantlu’o
1128 974 1282 1020 clonyato
1307 974 1446 1010 obovato
1463 988 1650 1022 compresso
1663 983 1761 1011 acute

212 1041 404 1080 pentayono
429 1048 485 1069 ore
510 1042 724 1069 mucronato.

412 1094 580 1129 Liebman
609 1095 686 1129 Iter
714 1095 890 1130 [Warthan.
920 1096 1040 1129 incdit.

316 1154 476 1189 Habitat
504 1155 539 1189 in
570 1156 724 1190 Mexico
753 1156 799 1189 ad
826 1155 1006 1196 Mirador,
1036 1156 1132 1188 lecta
1161 1165 1181 1188 a
1209 1154 1253 1187 cl.
1281 1153 1464 1188 Liebman
1488 1154 1627 1189 Martio
1657 1157 1760 1189 1842.

315 1215 446 1249 Affinis
474 1216 653 1262 Lrjcuniis
677 1215 928 1262 serpyllisoliae
954 1222 990 1249 et
1018 1214 1134 1254 lame,
1166 1214 1231 1249 sed
1268 1214 1510 1258 distinguitur
1543 1214 1638 1249 soliis
1664 1226 1758 1250 non-

219 1275 329 1309 nullis
363 1276 629 1316 acutiusculis,
666 1276 947 1320 ampliigastriis
984 1275 1245 1309 minutissimis
1282 1284 1549 1319 nonnunquam
1583 1274 1762 1309 obsoletis

219 1339 256 1369 et
282 1335 492 1379 periantliio
519 1338 707 1379 elongato.

218 1427 255 1461 p.
282 1419 366 1452 376.
581 1420 647 1452 163
670 1418 704 1452 b.
757 1417 1019 1463 Lejeunia
1045 1418 1230 1452 lucens
1256 1417 1406 1460 Taylor.

317 1477 363 1511 L.
402 1476 500 1511 caule
537 1477 614 1511 laxe
649 1477 798 1524 implero
830 1477 1071 1524 procumbente
1105 1490 1191 1522 voye
1227 1489 1380 1517 ramoso,
1411 1476 1519 1522 foliis
1554 1475 1763 1510 distantibus

219 1537 542 1583 erecto-patentibus
567 1537 722 1583 clonyatc
737 1539 847 1572 (matis
867 1537 994 1571 obtusis
1011 1539 1257 1582 inteyerrimis,
1285 1537 1408 1572 lobulis
1421 1539 1531 1572 ovatis
1548 1538 1763 1572 unidentatis

220 1596 396 1637 involutis,
421 1597 688 1644 ainpltiqastriis
712 1599 858 1632 minutis
885 1598 1063 1644 bipartitis
1086 1600 1270 1643 seyiiaeeiztis
1295 1598 1484 1633 linearibus
1507 1597 1723 1631 divaricatis.

418 1658 583 1697 Lejeunia
612 1662 731 1693 lucens
763 1659 866 1706 Tayl.
897 1660 984 1694 Noc.
1015 1660 1106 1706 Hcp.
1135 1661 1173 1693 in
1200 1659 1311 1693 LomI.
1337 1659 1466 1693 Journ.
1498 1658 1542 1704 of
1561 1657 1627 1693 bot.
1661 1660 1762 1692 1846.

495 1720 535 1754 p.
562 1711 648 1743 399.
676 1721 711 1743 n.
736 1711 797 1743 26.

318 1764 479 1801 Habitat
505 1769 540 1801 in
572 1769 773 1802 Provincia
802 1768 901 1802 Ohio
929 1769 1027 1813 apud
1058 1767 1272 1803 Cincinnati
1300 1767 1397 1807 (Hb.
1429 1766 1539 1811 Hk).

319 1827 627 1862 Albido-viridis.
670 1828 810 1863 Cautes
838 1829 913 1863 fere
940 1832 962 1864 3
993 1829 1055 1862 lin.
1084 1829 1196 1872 longi.
1242 1827 1402 1861 Accedit
1429 1827 1474 1860 ad
1506 1827 1584 1872 Lej.
1613 1832 1762 1866 ovatum,

221 1885 288 1918 sed
317 1885 405 1920 folia
431 1892 518 1921 sunt
544 1888 769 1922 distantiora
795 1894 832 1922 et
858 1888 1065 1930 obtusiora,
1094 1888 1208 1922 lobnli
1230 1888 1390 1923 maiores
1410 1893 1447 1922 et
1469 1886 1762 1931 amphigastrio-

223 1955 302 1978 rum
330 1953 521 1990 segmenta
551 1947 672 1990 magis
699 1947 871 1982 linearia.
926 1949 1078 1992 (Taylor
1105 1949 1127 1982 l.
1156 1950 1209 1992 c.)

222 2039 258 2072 p.
284 2031 369 2064 376.
531 2031 597 2063 163
615 2040 647 2063 c.
699 2029 962 2074 Lejeunia
989 2029 1319 2064 obtruncata
1347 2029 1466 2063 Mont.

319 2088 363 2122 L.
391 2087 486 2123 caule
511 2096 648 2136 repente
679 2089 1062 2130 dicleotomo-ramoso,
1098 2090 1207 2123 ramis
1232 2087 1407 2129 brevibus,
1431 2086 1539 2133 foliis
1569 2086 1764 2122 imbricatis

220 2149 525 2184 scmiverticalibus
550 2150 837 2183 cordato-ovatis
866 2150 1020 2183 convexis
1051 2149 1262 2183 acuminatis
1295 2148 1430 2195 deflexis
1454 2146 1528 2181 basi
1552 2146 1764 2193 complicatis

222 2207 333 2243 lobulo
359 2208 499 2255 oblonyo
526 2216 685 2244 truncato
710 2210 900 2250 semitecto,
935 2209 1201 2256 ampliiyastriis
1234 2209 1330 2243 haud
1359 2207 1528 2253 contiyttis
1558 2206 1763 2241 orbiculatis

219 2270 270 2303 ad
290 2276 455 2316 quartam
475 2276 615 2317 partem
640 2270 769 2314 bifidis,
795 2271 875 2304 sinu
901 2268 1020 2304 obtuso
1045 2269 1186 2304 laciniis
1210 2269 1324 2303 acutis
1348 2267 1616 2309 conniventibus,
1633 2267 1763 2314 fi'uctn

222 2327 257 2361 in
293 2329 522 2371 dic-lictorum,
559 2330 759 2377 periantlzio
793 2330 980 2364 obcuneato
1022 2331 1074 2364 vel
1109 2335 1270 2364 truncato
1307 2328 1403 2375 apice
1434 2328 1544 2362 exciso
1575 2339 1763 2374 compresso

218 2389 339 2424 subtus
363 2388 527 2436 biplicato
558 2397 620 2425 aut
651 2392 791 2436 saepius
821 2388 959 2424 obscure
984 2389 1213 2436 latissimeque
1236 2390 1395 2423 carinato
1408 2387 1509 2434 folia
1531 2385 1762 2421 involucralia

220 2447 418 2494 conformia
449 2457 488 2484 at
522 2451 657 2485 maiora
688 2457 876 2496 aequante,
910 2449 1165 2497 ampliiyastrio
1197 2447 1406 2484 involucrali
1436 2446 1762 2493 oblmiyo·ell1ptico

221 2511 280 2544 via:
303 2510 660 2556 emar-qinato-bifido
685 2509 846 2544 lacinulis
869 2509 1138 2545 conniventibus.

415 2571 581 2611 Lejeunia
608 2572 810 2604 obtruncata
839 2570 957 2605 Movit.
984 2571 1022 2604 in
1037 2570 1140 2604 Flor.
1158 2568 1311 2604 Chilensi
1330 2569 1451 2603 inedit.
1504 2567 1759 2603 Mone.PIant.

470 2629 585 2665 cellul.
612 2634 673 2665 52.
690 2629 833 2665 Centur.
848 2643 883 2664 n.
897 2633 957 2664 78.
977 2631 1016 2664 in
1027 2630 1126 2664 Ann.
1140 2630 1195 2663 des
1207 2642 1252 2663 sc.
1265 2635 1344 2664 nat.
1373 2630 1479 2663 1845.
1501 2631 1632 2674 p.354.
1648 2640 1683 2664 n.
1700 2631 1760 2664 78.

320 2689 481 2724 Habitat
505 2690 543 2725 in
572 2690 669 2726 Chili
696 2690 734 2724 in
760 2689 901 2725 cortice
928 2690 1078 2737 Drymis
1103 2691 1283 2731 chinensis,
1311 2689 1403 2733 legit
1428 2688 1475 2723 cl.
1492 2689 1589 2734 Gay.

223 2783 260 2817 p.
285 2774 372 2808 376.
506 2774 578 2807 164
598 2772 635 2807 b.
685 2772 949 2818 Dejewnia
972 2771 1269 2807 ‘microloba
1292 2770 1443 2815 Taylor.

319 2832 364 2866 L.
402 2830 501 2866 caule
538 2831 686 2879 impleaeo
716 2831 963 2879 procumbente
1001 2831 1074 2866 basi
1107 2844 1193 2876 vaye
1223 2843 1358 2866 ramoso
1371 2858 1379 2872 ‚
1415 2829 1564 2865 surculis
1595 2829 1761 2875 elon-catis

221 2890 519 2939 subsimplicibus‚
545 2892 654 2938 foliis
694 2893 867 2937 contiyuis
894 2890 1096 2939 patentibus
1129 2890 1281 2936 oblonyis
1315 2890 1492 2925 subacutis
1527 2890 1761 2935 iiiteyerrimis

220 2953 319 3000 apice
344 2953 508 2995 recurvis,
534 2952 657 2989 lobulis
681 2954 836 2988 minimis
861 2952 1063 2988 lanceolatis
1086 2952 1264 2994 involutis,
1288 2951 1550 3000 ampliiyastriis
1570 2949 1760 2985 maioribus
