1824 3252
791 170 978 213 Lejeunia.
1574 175 1637 206 331

224 283 353 318 Cauiis
375 282 421 316 ad
437 282 610 316 arborum
630 282 804 317 corticem
824 292 957 325 repens
975 285 1011 314 et
1028 280 1204 314 radiculis
1230 285 1266 314 et
1293 281 1642 324 amphigastriorum

132 343 212 376 basi
231 342 478 376 fasciculatim
502 342 648 375 emissis
671 342 829 382 adfixus,
856 339 1468 385 quadrilinearis-semipofficaris,
1495 342 1638 376 flexuo-

131 411 213 439 sus,
248 400 285 433 in
321 400 482 434 ramulos
517 400 650 434 breves
685 399 941 443 subpinnatim
975 398 1129 433 divisus.
1179 398 1285 432 Folia
1317 399 1533 439 imbricata,
1570 400 1645 435 fere

129 457 334 498 verticalia,
361 459 439 492 basi
467 459 612 492 caulem
639 458 915 503 amplectentia,
942 458 1113 498 rotunda,
1140 468 1322 498 convexa,
1350 458 1486 501 pallide
1513 460 1646 493 viridia

132 517 208 551 sive
234 518 501 559 ssavescentia3
535 529 662 562 margo
689 518 866 552 ventralis
893 518 940 550 ad
972 517 1114 560 apicem
1143 527 1260 560 usque
1289 516 1449 551 breviter
1474 518 1646 560 inflexus,

132 581 172 608 ut
198 577 305 620 quasi
332 578 492 611 callosus
520 577 711 620 adpareat,
740 576 819 610 basi
846 576 1103 620 complicatus.
1154 575 1321 609 Lobulus
1353 585 1531 618 magnus,
1548 578 1644 611 'me-

132 633 233 667 dium
261 635 387 668 folium
417 635 492 668 fere
519 635 708 678 attingens
734 636 968 673 rotundatus,
996 634 1205 675 involutus,
1234 634 1370 674 latere,
1406 645 1479 678 quo
1511 635 1648 669 desinit

133 691 284 737 foliique
310 704 438 736 margo
468 694 616 727 brevius
637 694 837 727 inflectitur
855 693 1032 733 subliber‚
1058 692 1325 726 acutiusculus.
1369 692 1475 727 Retis
1502 695 1648 729 areolae

134 751 333 791 rotundae,
369 764 442 787 non
477 753 693 795 contiguae,
733 754 798 787 sed
833 752 1013 786 limitibus
1039 751 1169 795 spissis
1196 750 1509 787 circumvallatae.
1558 754 1647 787 Am-

125 809 324 853 pln'yastria
349 811 446 846 foliis
472 812 680 856 quadruplo
708 812 864 852 minora,
891 810 1063 851 rotunda,
1101 810 1360 853 integerrima,
1388 810 1468 844 basi
1495 812 1649 845 radicu-

133 867 249 901 larum
278 869 465 904 fasciculis
491 870 626 904 obsita.
667 870 821 903 Fructus
846 869 1025 903 lateralis.
1067 866 1171 902 Folia
1196 867 1426 902 imolam-alia
1452 869 1539 904 bina
1565 882 1648 905 cum

134 927 402 971 amphigastrio
438 928 598 962 caulinis
634 928 782 962 similia.
843 927 1090 961 Periantlzium
1123 927 1346 968 obovatum‚
1382 933 1648 972 pentagonum,

133 983 299 1019 eiusdem
327 997 371 1020 ac
397 986 484 1021 solia
510 987 666 1028 coloris3
692 998 733 1021 os
760 986 919 1020 subinde
945 986 981 1019 in
1004 990 1167 1030 quatuor
1182 987 1339 1019 lacinias
1356 993 1486 1022 acutas
1511 989 1648 1023 fissum.

137 1043 355 1080 Pedzmmclzts
388 1045 651 1085 brevissimus,
689 1045 883 1089 hyalinus,
918 1045 1449 1088 tuberculoso-geniculatus.
1502 1046 1651 1092 Capsum

134 1100 254 1141 fulva:
282 1103 455 1138 valvulae
483 1106 527 1138 ad
558 1104 717 1138 medium
747 1115 865 1149 usque
892 1104 1148 1143 cohaerentes,
1174 1109 1320 1138 ovatae.
1364 1104 1522 1139 Elateres
1548 1107 1650 1147 fulvi,

135 1160 303 1204 unispiri,
331 1164 446 1197 altero
473 1165 542 1197 fine
569 1163 726 1197 dilatati.
779 1163 920 1197 Semina
946 1163 1205 1197 minutissima.
1256 1162 1410 1207 (Ldbg.)

230 1219 396 1255 Adnot.
448 1222 663 1266 Specimina
695 1221 1023 1266 Gmrdelupensia,
1059 1222 1098 1255 J.
1125 1221 1365 1255 transversalis
1399 1223 1468 1256 sub
1504 1224 1651 1258 nomine

136 1277 205 1310 sibi
235 1289 256 1312 a
273 1279 316 1314 cl.
335 1281 511 1315 Hookero
537 1281 650 1315 missa
676 1281 965 1315 communicavit
982 1280 1237 1324 Sprengelius‚
1265 1280 1405 1315 sterilia
1431 1292 1476 1316 ea
1502 1282 1651 1326 quidem

135 1336 230 1370 foliis
256 1339 367 1381 paulo
395 1340 622 1383 longioribus
649 1339 837 1374 distincta.

406 1402 464 1433 45.
514 1399 774 1444 Dejeunia
797 1399 1229 1442 rotundi-stipula
1264 1399 1382 1441 Ldbg.

236 1455 278 1489 L.
305 1456 399 1490 caule
419 1464 558 1503 repente
583 1458 817 1504 subsimplici,
841 1458 947 1504 foliis
979 1456 1258 1491 subvertimlibus
1282 1456 1474 1491 imbricatis
1498 1460 1653 1492 rotandis

139 1513 265 1548 obtusis
289 1517 521 1561 inteyerrimt's
547 1516 620 1551 basi
644 1516 875 1563 complicatis,
909 1516 1020 1550 lobulo
1054 1527 1178 1560 mayno
1203 1516 1509 1560 ovato-quadrato
1534 1517 1655 1561 inflato

139 1574 396 1616 entaryinatura
422 1575 598 1621 apiculam
630 1578 667 1609 in
681 1576 817 1620 folium
843 1581 1060 1617 transeunte,
1094 1573 1355 1619 amplaeiyastriis
1372 1575 1495 1619 parvis
1518 1577 1657 1609 remotis

140 1629 341 1666 orbiculatis
375 1635 616 1679 inteyerrimzk,
638 1635 846 1680 perimitlziis
871 1633 1072 1668 lateralibus
1095 1633 1246 1678 oblonyis
1280 1634 1376 1666 dorso
1400 1633 1496 1672 mul,
1542 1639 1659 1667 ventre

138 1688 354 1726 bic-arinatis.
407 1693 565 1727 Gottsclze
591 1693 685 1726 Icon.
717 1692 793 1738 Lej.
822 1693 873 1725 ΙΙ.
904 1694 960 1726 16.

330 1754 599 1794 Juugermannia
626 1752 889 1795 rotundistipnla
919 1749 1028 1795 Ldby.
1049 1750 1086 1783 iu
1101 1748 1261 1783 Limzaea
1280 1750 1350 1784 IV.
1371 1751 1509 1794 (1829.)
1523 1762 1561 1795 p.
1576 1753 1658 1784 360.

238 1807 381 1842 Crescit
423 1810 460 1843 in
499 1810 630 1844 Monte
668 1810 844 1843 Tabulari
886 1809 1035 1843 Africae
1081 1809 1277 1848 australis,
1319 1809 1418 1842 unde
1454 1810 1660 1842 retulerunt

138 1866 276 1900 Ecklon
304 1867 465 1902 sterilem
493 1872 529 1901 et
556 1868 686 1911 Pappe
713 1879 795 1901 curn
824 1867 944 1901 fructu
980 1867 1078 1910 (Hb.
1107 1867 1148 1900 L.
1176 1872 1213 1900 et
1240 1866 1316 1906 N.).

143 1932 161 1956 ‘x
237 1926 370 1960 Differt
397 1938 417 1960 a
444 1927 487 1959 L.
513 1926 751 1971 xanthocaipa
777 1926 992 1964 teneritate,
1028 1925 1185 1959 laxitate
1211 1930 1247 1958 et
1274 1929 1417 1959 statura
1444 1926 1481 1959 in
1508 1926 1657 1960 univer-

139 1994 218 2016 sum
246 1984 436 2028 aliquanto
463 1985 628 2024 minore,
664 1985 762 2018 foliis
795 1985 961 2027 margine
998 1984 1154 2019 ventrali
1191 1983 1350 2018 breviori
1384 1989 1503 2018 tractu
1540 1996 1660 2030 neque

139 2043 289 2077 omnino
315 2045 361 2077 ad
389 2044 533 2088 apicem
559 2044 728 2084 reflexis,
756 2043 1033 2087 ampbigastriis
1059 2041 1178 2086 magis
1204 2041 1432 2076 distantibus
1459 2042 1660 2076 minoribus

142 2101 260 2143 magis
289 2103 510 2136 rotundatis.

499 2164 558 2195 46.
610 2161 871 2207 zeffeunia
894 2161 1144 2196 unciloba
1179 2160 1298 2204 Ldbg.

238 2219 283 2251 L.
310 2219 404 2252 caule
437 2225 570 2264 repente
604 2232 687 2264 vaye
707 2220 949 2265 pinnatimque
974 2232 1128 2261 ramoso,
1150 2219 1256 2265 foliis
1281 2218 1472 2252 imbricatis
1495 2217 1660 2252 subverti-

140 2276 271 2310 calibns
305 2276 682 2322 oblonyo-orbicalatis
715 2279 812 2324 apice
844 2280 1042 2312 rotundatis
1074 2278 1304 2322 inteyerrimis
1335 2276 1491 2321 maryine
1512 2277 1661 2311 ventrali

140 2336 519 2382 sinuato-complicatis
543 2336 652 2370 lobulo
676 2349 798 2382 mayno
823 2337 1115 2384 ‹mali-quadrato
1141 2337 1266 2383 inflecto
1291 2343 1481 2370 extrorsum
1505 2342 1662 2370 truncato

140 2394 401 2430 sabanidentato
434 2397 533 2429 dente
565 2407 664 2441 saepe
689 2397 870 2438 micinam,
908 2397 1171 2443 amplciyastriis
1196 2396 1364 2440 contz'yuz's
1388 2396 1544 2429 rotandis
1567 2397 1658 2429 inte-

139 2455 318 2497 yerrimis,
349 2454 564 2500 periantlziis
598 2454 800 2489 lateralibus
832 2456 1163 2490 obovato-rotumlis
1195 2456 1349 2499 mmyine
1386 2466 1569 2499 compresso
1595 2455 1663 2488 late

143 2512 245 2546 alatis
271 2520 386 2547 ventre
410 2512 625 2548 bicarinatis.
678 2514 837 2548 Gottsclae
861 2515 959 2548 Icon.
986 2515 1062 2560 Lej.
1089 2515 1137 2548 V.
1167 2517 1223 2548 ll.

240 2570 398 2605 Habitat
424 2572 459 2605 in
490 2572 649 2606 Brasilia
676 2584 760 2607 cum
786 2574 865 2619 Lej.
890 2573 1147 2620 aeauthocarpm
1179 2572 1216 2606 in
1246 2571 1504 2605 Promontorio
1535 2571 1660 2604 Bonae

147 2628 234 2670 Spei
265 2629 458 2674 (Ecklon);
499 2631 536 2665 in
566 2632 729 2666 Peruvia
754 2632 967 2676 (Meissn.);
1006 2632 1162 2666 eandem
1197 2640 1329 2665 comm.
1364 2629 1408 2664 cl.
1437 2629 1549 2663 Mo'rk
1581 2628 1660 2662 sine

147 2685 226 2719 loco
253 2688 378 2721 natali.

243 2745 378 2779 Differt
404 2758 425 2779 a
451 2748 494 2781 L.
523 2756 686 2793 coynata:
724 2748 820 2783 foliis
854 2748 1126 2789 obtusissimis,
1166 2748 1290 2783 lobulo
1317 2746 1475 2784 maiore,
1513 2745 1660 2788 amphi-

147 2802 297 2843 gastriis
323 2807 635 2841 transversalibus
661 2812 699 2842 ct
725 2807 965 2851 perianthiis;
1001 2818 1022 2841 a
1049 2808 1093 2841 L.
1119 2806 1374 2850 xanthocaipa:
1407 2803 1515 2837 caule
1540 2803 1661 2837 minus

149 2871 315 2902 ramoso,
344 2862 442 2897 foliis
468 2875 540 2898 non
567 2869 645 2900 toto
670 2865 836 2908 margine
862 2865 1011 2900 inflexis
1038 2869 1125 2900 ante
1151 2864 1316 2899 lobulum
1344 2862 1501 2901 excisis,
1534 2862 1660 2896 iobulo

148 2921 364 2965 plerumque
378 2922 579 2957 uncinatim
591 2924 756 2966 dentato,
768 2923 977 2967 perianthio
992 2923 1121 2958 latiore
1135 2922 1301 2965 margine
1315 2921 1422 2956 valde
1435 2931 1660 2965 compresso.
