1824 3252
737 153 980 198 Plagiochila.
1546 160 1617 192 657

101 281 138 314 p.
163 272 223 305 57.
345 270 392 303 88
410 268 445 302 b.
481 269 818 314 Plagiochila
843 268 1199 312 deflexirama
1224 269 1370 314 Taylor.

195 328 259 362 Pl.
285 327 381 362 caule
407 327 483 361 laxe
509 329 692 374 caespitoso
717 335 825 361 erecto
844 329 1007 374 pinnato,
1034 330 1144 362 ramis
1167 328 1376 364 distantibus
1396 334 1620 380 complanatis

100 387 374 435 subsimplicibus
392 388 539 434 deflexis,
555 387 661 432 foliis
675 386 929 422 subimbricatis
939 388 1248 434 patenti-decumis
1262 390 1617 440 dimidiato-oblonqo—

99 450 209 483 ovatis
234 449 362 482 obtusis
386 448 701 494 spinoso-dentatis,
728 448 881 492 maryine
905 447 1034 481 dorsali
1058 449 1256 482 decurrente
1281 449 1354 483 basi
1377 463 1516 486 recurvo
1539 465 1619 488 ven-

100 507 188 542 trali
211 506 427 547 subm-islam,
446 506 646 552 periantliz'o
666 506 841 541 terminali
858 508 1016 541 immerso
1039 505 1172 552 obliquo
1188 509 1418 543 semirotundo
1435 523 1620 558 compresso

99 567 178 601 hinc
203 565 300 601 basin
325 578 429 612 usque
440 565 531 610 fisso
556 565 812 599 inciso-ciliaco.

292 626 500 668 Plagiocbila
534 626 754 657 deflexu-ama
794 624 895 671 Tayl.
924 625 1012 659 Nov.
1039 625 1170 671 Hepat.
1196 626 1235 659 in
1264 626 1371 662 Lond.
1396 628 1553 664 Journal
1583 632 1628 677 qs

377 684 442 718 bot.
473 687 576 719 1846.
596 696 634 729 p.
660 687 742 718 262.
768 697 803 718 n.
829 688 864 718 9.

197 743 356 778 Habitat
390 744 428 777 in
452 748 577 778 monte
602 743 807 777 Picbincha
834 742 872 776 in
899 743 1074 777 arborum
1102 744 1243 779 truncis
1272 745 1467 787 (Jameson
1485 747 1522 782 in
1542 749 1618 784 Hb.

99 803 177 837 Hk.
206 814 241 838 n.
268 805 356 848 320)
382 808 419 837 et
444 803 481 836 in
509 803 673 837 Peruvia
699 803 793 846 (Hb.
822 802 898 837 Hk.
927 813 963 836 n.
994 804 1092 846 110).

195 863 392 906 Caespites
427 862 568 906 pallide
603 861 852 896 flavescenti-
870 862 1040 897 olivacei.
1103 862 1225 897 caules
1251 866 1305 897 7-
1327 867 1349 898 8
1380 866 1468 909 poll.
1506 867 1618 911 longi,

98 922 238 961 laeves,
267 922 397 956 leviter
417 921 585 955 flexuosi.
639 921 823 954 Foliorum
848 921 1028 955 denticuli
1050 921 1176 963 validi,
1203 922 1409 957 terminalis
1433 925 1619 968 spinosus.

98 981 348 1015 Periantlzium
373 981 411 1014 in
439 980 553 1014 ramis
580 981 787 1021 terminale,
814 979 1045 1014 involucrum
1074 991 1264 1023 magnum.

195 1040 257 1075 Pl.
284 1040 469 1074 abietinam
495 1044 638 1073 statura
664 1044 837 1084 superat,
872 1040 993 1074 differt
1026 1040 1153 1074 habitu
1189 1041 1331 1076 laxiore
1360 1046 1397 1076 et
1422 1044 1618 1087 teneriore,

97 1098 211 1132 ramis
238 1099 551 1142 simplicioribus,
590 1099 687 1133 foliis
722 1099 952 1142 longioribus
988 1099 1109 1133 minus
1144 1100 1369 1142 imbricatis,
1408 1103 1619 1146 perianlhio

97 1158 281 1192 terminali
309 1158 346 1191 in
373 1157 484 1191 ramis
511 1157 754 1201 longioribus,
781 1159 867 1192 hinc
888 1168 1007 1202 usque
1030 1158 1076 1191 ad
1094 1159 1202 1192 basin
1228 1159 1315 1194 fisso
1340 1171 1477 1205 oreque
1505 1163 1620 1198 dense

97 1216 224 1251 ciliato
250 1216 344 1250 ciliis
372 1217 566 1260 elongatis.
618 1217 784 1260 (Tay-lor.
810 1217 832 1250 l.
861 1218 913 1260 c.)

96 1319 133 1352 p.
160 1312 220 1343 58.
488 1312 546 1343 93.
585 1308 927 1353 Plagiochila
952 1308 1247 1354 ulophylla.

96 1367 281 1412 Diagnosi
310 1367 449 1401 addas:
478 1367 610 1412 fructu
634 1369 671 1401 in
696 1367 844 1401 ramulis
871 1367 1068 1409 terminali,
1088 1368 1288 1413 perianthio
1313 1368 1445 1414 oblique
1469 1370 1620 1413 obovato,

286 1439 344 1460 ore
370 1433 528 1460 truncato
553 1426 840 1460 dentato-ciliaco.

196 1486 357 1521 Habitat
385 1495 533 1531 quoque
561 1485 597 1519 in
625 1496 738 1528 regno
765 1484 969 1519 Mexicano
995 1485 1043 1518 ad
1070 1484 1239 1519 Mirador
1264 1485 1492 1532 (Liebman).

97 1580 134 1612 p.
161 1571 220 1603 59.
317 1571 366 1603 94
380 1569 415 1602 b.
456 1568 792 1614 Plagiochilw
805 1567 1113 1612 fastigiata
1137 1567 1257 1610 Ldbg.
1272 1571 1308 1601 et
1321 1568 1513 1605 Gottsche.

194 1627 257 1661 Pl.
289 1628 384 1662 caule
414 1634 570 1673 repente,
607 1629 718 1661 ramis
752 1627 871 1660 erectis
905 1627 1362 1672 (lichocomo-fasciculatis‚
1388 1628 1496 1672 foliis
1529 1636 1620 1664 arcte

94 1685 291 1720 imbricatis
326 1686 610 1721 subverticalibus
648 1687 842 1721 semiovatis
883 1686 1141 1719 decurrentibus
1176 1686 1272 1731 apice
1308 1685 1621 1731 subdiveryencibus

93 1748 251 1791 maryine
277 1746 406 1780 dorsali
433 1745 506 1780 basi
531 1746 637 1780 latias
661 1747 708 1779 ad
723 1746 851 1791 apicem
877 1752 1019 1790 anynste
1044 1745 1180 1791 reflexis
1205 1746 1449 1789 ivzteye7·7·intis‚
1475 1745 1623 1779 ventrali

94 1806 335 1841 snbundulatis
378 1818 547 1851 parceque
587 1805 808 1839 denticulatis
852 1805 972 1838 rarius
1010 1805 1240 1848 iiiicyerrivnis
1279 1803 1353 1837 basi
1397 1803 1546 1838 dilatala
1583 1805 1621 1838 in

95 1866 237 1900 cristam
263 1864 521 1899 conniventibus
546 1866 735 1911 crispatam
763 1862 1093 1905 dentato-ciliciiam,
1120 1864 1215 1908 apice
1238 1863 1474 1896 subn-uncatis
1498 1862 1620 1897 bi·lrz'-

91 1925 340 1972 pluridentalis
365 1924 648 1968 inteyerrimisve,
664 1923 771 1968 foliis
797 1922 1067 1957 incolum-atibus
1085 1923 1254 1967 adpressis
1271 1924 1405 1955 arctius
1426 1922 1622 1968 lonyiusqne

94 1986 253 2025 dentatis,
272 1983 475 2030 pet-ianthio
500 1983 719 2016 snbimmerso
744 1981 986 2028 campanulato
1005 1981 1152 2027 plicato,
1179 1994 1237 2015 ore
1263 1981 1515 2016 inciso-cilium.

239 2044 405 2077 Liebman
434 2043 510 2077 Iter
536 2043 714 2077 Maxima.
743 2043 860 2076 incdit.

193 2103 353 2136 Habitat
379 2102 416 2136 in
445 2102 598 2136 Mexico
627 2101 727 2145 apud
755 2101 970 2144 Tlapacoyo
998 2105 1034 2134 et
1060 2100 1106 2134 ad
1135 2101 1292 2134 Lobani.

191 2163 224 2196 A
252 2162 359 2205 Play.
386 2159 619 2194 subundnlata
646 2161 792 2194 differre
821 2160 966 2194 videtur
989 2160 1085 2193 soliis
1105 2160 1255 2203 oblique
1273 2159 1393 2193 ovatis
1415 2146 1620 2193 suberectis

95 2219 196 2266 (basi
234 2231 285 2254 sc.
323 2219 459 2253 erectis
494 2224 531 2254 et
565 2219 670 2262 apice
705 2220 783 2253 solo
810 2219 1105 2262 divergentibus)
1144 2218 1309 2261 margine
1344 2219 1482 2252 dorsali
1508 2219 1620 2253 latius

95 2279 248 2314 reflexis
290 2279 396 2323 apice
436 2278 669 2312 acutiusculo
707 2278 948 2322 margineque
983 2277 1141 2311 ventrali
1180 2278 1238 2311 vel
1276 2277 1524 2319 integerrimis
1562 2278 1618 2310 vel

97 2338 290 2382 crispato-
310 2337 571 2378 denticulatis,
604 2348 687 2370 cum
724 2337 801 2379 illa,
830 2338 935 2381 Play.
963 2336 1207 2377 snbnndulata,
1242 2337 1423 2370 instructa
1450 2337 1497 2370 sit
1523 2337 1619 2370 foliis

96 2397 256 2431 distiche
282 2396 499 2440 patentibus
525 2395 770 2439 planiusculis
804 2396 1014 2430 rotundatis
1050 2397 1215 2439 margine
1242 2396 1398 2429 ventrali
1427 2396 1619 2430 undulatis

98 2457 205 2500 apice
232 2456 312 2490 solo
338 2455 512 2489 dentatis.
565 2455 671 2499 Play.
698 2454 850 2500 crispulo
876 2456 897 2494 β
931 2454 1053 2488 differt
1080 2455 1176 2488 soliis
1203 2455 1385 2496 elongatis
1417 2454 1615 2497 divergen-

97 2516 221 2556 tibus;
248 2515 355 2559 Play.
372 2521 569 2559 cori-nynia,
597 2514 760 2548 omnium
787 2514 951 2548 maxime
978 2514 1108 2555 affinis,
1137 2512 1414 2557 amphigastriis
1432 2513 1469 2546 in
1490 2518 1619 2548 nostra

97 2574 369 2608 deficientibus.

98 2665 134 2698 p.
162 2658 222 2689 59.
320 2659 415 2690 940.
461 2656 802 2702 Plagiochila
827 2654 1225 2690 Kamounensz‘s
1250 2654 1396 2697 Taylor.

195 2713 258 2747 Pl.
284 2714 431 2749 surculis
455 2717 649 2762 caespitosis
675 2717 792 2750 erectis
816 2715 1024 2749 subramosis
1048 2713 1166 2747 subcus
1184 2712 1326 2746 hirsutis
1346 2713 1439 2758 apice
1454 2712 1617 2753 incurvis,

95 2771 195 2816 foliis
229 2772 422 2807 imbricatis
453 2774 711 2821 subpatentibus
745 2775 898 2809 secundis
931 2773 1084 2807 convexis
1125 2772 1338 2805 dimidiato·
1360 2771 1510 2804 cordatis
1546 2769 1620 2804 basi

101 2830 375 2866 lucido-nervas
400 2833 555 2878 marqine
580 2834 708 2869 dorsali
734 2835 932 2868 decurrente
956 2830 1104 2866 ventrali
1129 2830 1426 2875 sinuato-crispo,
1464 2829 1618 2873 utrisque

99 2892 251 2925 recurvis
276 2892 433 2926 (imitatis.

1225 2973 1280 3000 42
