1824 3252
157 147 231 180 776
829 142 1035 178 Frullania.

157 261 359 294 rotundatis
384 259 618 305 inteyerrimis
642 258 801 303 maryine
835 257 1001 291 exteriori
1033 268 1197 298 recurvo,
1235 258 1406 294 auriculis
1437 259 1591 306 oblonqis
1626 260 1703 295 bre-

156 318 275 362 vibus,
313 319 576 365 amplziyastriis
601 318 934 352 rotundato-ovans
966 317 1084 362 bifidis
1115 318 1276 362 marffl‘ne
1307 319 1479 361 recurvis,
1510 321 1704 366 periyoniis

157 380 356 414 rotundatis
378 378 564 413 sessilibus.
649 405 657 410 .

351 440 526 472 Frullania
554 438 768 470 Cuencensis
805 436 909 484 Tayl.
939 437 1027 472 Non.
1057 437 1149 483 Hep.
1184 437 1223 470 in
1251 437 1365 472 Lond.
1391 438 1522 473 Journ.
1558 440 1603 486 of
1635 440 1702 476 bot.

443 500 547 533 1846.
570 509 609 543 p.
636 499 720 531 406.
746 510 782 532 η.
813 500 869 532 15.

257 555 420 591 Habitat
446 557 547 601 apud
575 557 731 603 Cuentga
757 556 954 599 (Jameson
983 559 1020 590 in
1050 557 1125 591 Hb.
1155 557 1267 602 Hk.).

256 615 428 663 Caespites
462 617 563 658 laxi,
609 616 1078 662 nigrescenti-purpurei.
1142 616 1267 651 Cautes
1304 621 1328 652 2
1359 637 1375 644 -
1406 620 1429 652 3
1466 617 1554 662 poll.
1589 617 1704 661 longi.

159 674 351 710 Foliorum
378 676 537 710 cellulae
563 677 733 711 minutae
770 681 807 710 et
842 677 1102 711 condensatae
1138 677 1174 710 in
1211 677 1442 722 peripheria,
1477 688 1634 720 magnae
1668 678 1705 712 iu

159 740 303 771 centro.
355 737 560 770 Auriculae
589 737 664 771 solii
693 737 881 781 margines
910 748 983 771 non
1012 737 1215 771 excedunt.
1268 737 1538 784 Anzpleiyastria
1559 738 1705 772 caulem

161 796 452 840 amplectuntur.
507 797 652 831 Folium
676 797 893 844 peri9071iale
931 808 1044 832 unam
1081 798 1137 832 vel
1175 797 1285 832 binas
1322 799 1499 833 antheras
1525 798 1707 833 rotundas

159 855 343 890 viridulas
370 857 617 901 pedicellatas
645 857 757 891 fovet.
798 888 804 892 .

258 916 291 950 A
318 916 386 951 Fr.
414 918 561 951 trinervi
586 918 711 952 differt
740 917 838 952 soliis
867 928 939 951 non
969 917 1330 959 semiverticalibus‚
1359 922 1510 952 textura
1537 917 1706 952 tenuiore

160 980 199 1010 ct
233 977 377 1011 cellulis
412 977 633 1018 minoribus,
670 977 848 1012 auriculis
884 977 1091 1012 minoribus
1127 982 1164 1012 et
1193 978 1474 1022 amplrigastriis
1501 977 1706 1012 maioribus

160 1039 199 1070 et
225 1036 433 1072 latioribus.
487 1038 638 1083 (Taylor
664 1039 687 1072 1.
716 1039 766 1083 c.)

161 1130 198 1164 p.
222 1123 308 1155 429.
428 1123 476 1155 38
495 1121 531 1154 b.
582 1121 876 1155 Frullania
900 1120 1271 1155 semu-omnam
1297 1119 1418 1162 Ldbg.
1436 1124 1472 1153 et
1491 1119 1682 1154 Gottsche.

259 1192 327 1225 Fr.
361 1192 458 1226 caule
488 1191 731 1238 procumbente
766 1191 1016 1236 irreyulariter
1042 1192 1214 1238 pinnato,
1255 1190 1356 1232 foliis
1390 1190 1584 1226 imbricatis
1615 1189 1708 1225 orbi-

163 1251 293 1286 culatis
317 1253 471 1286 converis
496 1254 655 1297 mar-gline
680 1252 884 1299 subinflearis
916 1252 954 1285 in
990 1251 1186 1285 auriculam
1214 1250 1289 1286 basi
1321 1250 1710 1298 sinuato-complicatis

157 1310 335 1357 quleatam
360 1311 493 1358 oblique
528 1317 730 1346 truncatam
765 1312 909 1354 (rarius
934 1310 989 1345 vel
1021 1311 1157 1356 lonyius
1187 1311 1493 1358 appeudieulatam
1517 1312 1571 1346 vel
1593 1311 1710 1358 expla-

161 1373 332 1417 natam),
366 1372 630 1418 anzplaeiyastriis
656 1372 790 1417 'itaquis
816 1371 886 1405 lale
911 1372 1190 1406 ovato-rotundis
1214 1371 1267 1405 vel
1289 1370 1711 1406 obovato-deeurrentibus

161 1433 608 1476 emaryiuaeo-biclentulis
632 1433 711 1467 sinu
737 1431 958 1477 dentibusque
989 1431 1119 1465 obtusis
1145 1438 1177 1465 et
1202 1432 1336 1473 acutis,
1363 1432 1496 1477 fructu
1531 1432 1569 1466 in
1599 1432 1710 1466 ramis

162 1491 379 1538 ramulisque
418 1492 618 1534 terminali,
649 1492 757 1538 soliis
795 1490 1067 1526 involat-ratibus
1100 1491 1302 1537 patentibus
1343 1491 1422 1526 hinc
1457 1491 1710 1538 amplaeiyastrio

161 1553 331 1593 connatis,
352 1553 554 1599 periamln‘o
580 1555 737 1598 elonyato
762 1554 861 1587 dorso
886 1553 981 1592 uni-,
1008 1558 1124 1586 ventre
1150 1550 1360 1586 hiem-inam.

359 1613 528 1647 Le'ebman
554 1612 632 1646 Iter
656 1613 836 1647 Mexican.
864 1613 985 1646 incdit.

262 1683 425 1718 Habitat
450 1685 487 1718 in
515 1685 623 1720 terris
651 1685 867 1719 Mexicanis
895 1685 995 1730 apud
1025 1684 1227 1719 Chinantla
1257 1681 1493 1727 (Liebman).

263 1742 401 1777 Differt
427 1755 449 1778 a
476 1745 543 1778 Fr.
571 1747 718 1779 trinervi
752 1753 766 1774 ε
800 1745 962 1790 elon-(sata
989 1750 1133 1779 statura
1160 1743 1323 1784 maiore,
1367 1743 1465 1777 soliis
1500 1740 1707 1777 maioribus

165 1802 448 1838 rotundioribus
485 1806 592 1848 (dum
620 1806 687 1841 Fr.
716 1806 882 1840 trinervis
916 1805 1079 1850 eloreyata
1109 1804 1197 1840 solia
1225 1803 1345 1848 magis
1373 1804 1537 1838 obovata
1565 1803 1707 1848 babet),

166 1862 347 1896 auriculis
389 1864 503 1898 latius
549 1865 585 1898 in
632 1865 760 1899 folium
797 1865 1105 1906 transeuntibus,
1155 1863 1458 1908 amphigastriis‚
1502 1862 1709 1897 maioribus

165 1921 290 1955 minus
331 1924 518 1967 profunde
554 1925 708 1966 divisis,
746 1925 941 1960 involucro
978 1924 1109 1959 maiori
1148 1929 1187 1958 et
1226 1924 1302 1958 folii
1340 1923 1582 1957 involucralis
1621 1922 1708 1957 lobo

165 1980 305 2015 dorsali
332 1983 440 2018 aliter
467 1984 722 2025 conformato;
750 1995 772 2018 a
798 1985 865 2019 Fr.
886 1992 1083 2031 tetraptera
1107 1984 1232 2018 differt
1259 1989 1405 2017 statura
1429 1983 1582 2024 maiore,
1609 1981 1708 2016 foliis

165 2041 400 2085 planioribus
437 2044 643 2078 maioribus
679 2044 804 2078 minus
840 2044 1066 2079 acuminatis
1104 2043 1227 2089 (apice
1273 2053 1326 2078 sc.
1362 2042 1483 2086 magis
1517 2041 1707 2086 rotundis)

166 2106 204 2135 et
230 2101 438 2137 involucro.

164 2194 202 2228 p.
229 2187 313 2219 430.
485 2187 533 2219 42
551 2185 588 2220 b.
639 2186 932 2221 Frullania
956 2184 1229 2231 spinifera
1252 2184 1403 2229 Taylor.

264 2256 334 2290 Fr.
360 2256 457 2291 caule
481 2255 628 2303 implexo
647 2256 896 2304 procumbente
922 2268 1004 2301 voye
1027 2268 1184 2297 ramoso,
1211 2255 1321 2301 soliis
1346 2254 1541 2290 imbricatis
1564 2255 1710 2302 reflexo·

159 2315 362 2363 patentibus
398 2316 565 2363 elliptieis
601 2317 731 2352 obtusis
775 2318 1034 2362 iyzteyerrimis,
1081 2315 1250 2351 auriculis
1292 2315 1440 2349 minutis
1483 2314 1711 2361 inferioribus

162 2376 312 2422 yaleatis
350 2383 448 2412 extus
486 2378 716 2419 acuminatis,
760 2377 905 2411 caeteris
943 2389 983 2410 ae
1014 2375 1183 2423 plurimis
1224 2374 1366 2409 evolutis
1401 2374 1574 2409 subulatis
1610 2375 1712 2409 rectis

165 2445 370 2472 antrorsum
404 2438 635 2485 unispinosis,
678 2437 945 2484 ampliiyastriis
975 2435 1212 2483 planiuseulis
1247 2433 1478 2469 circularibus
1509 2435 1712 2468 acutissime

168 2497 304 2543 bifidis,
340 2498 598 2532 involucrorum
623 2497 777 2532 ramulos
809 2497 971 2544 proprios
999 2496 1264 2531 terminantium
1277 2494 1385 2541 foliis
1408 2495 1540 2535 acutis,
1572 2494 1708 2541 amplii-

163 2557 300 2603 9astr2'o
321 2557 497 2603 profunde
523 2557 630 2602 bffid⁰
655 2558 840 2602 seymentis
866 2556 1231 2591 luciniaco-dentatis.

361 2619 538 2652 Frullania
575 2619 740 2662 spinifera
782 2615 887 2663 Tayl.
925 2616 1015 2650 Nov.
1050 2616 1142 2662 Hep.
1177 2616 1216 2649 in
1251 2614 1364 2648 Lond.
1397 2612 1529 2648 Journ.
1567 2613 1613 2660 of
1642 2613 1710 2650 bot.

455 2680 560 2712 1846.
581 2689 620 2724 p.
647 2679 733 2711 407.
759 2689 794 2711 η.
827 2679 881 2710 17.

270 2735 433 2771 Habitat
457 2736 496 2771 in
527 2736 636 2772 Nova
664 2735 871 2770 Zeelandia
899 2739 938 2770 et
962 2732 1000 2769 in
1029 2733 1170 2769 Insulis
1197 2732 1396 2769 Auckland
1431 2733 1518 2777 (Dr.
1547 2731 1710 2767 Sinclair

170 2795 208 2829 in
236 2794 314 2830 Hb.
343 2795 453 2840 Hk.).

267 2854 443 2901 Caespites
466 2855 546 2898 lati,
573 2855 827 2898 densiusculi,
855 2853 1224 2891 olivaceo-virides.
1284 2852 1411 2888 Caules
1436 2852 1501 2888 vix
1528 2850 1706 2897 semipol-

170 2913 280 2949 licem
305 2915 418 2960 longi.
460 2915 515 2965 *In
542 2915 675 2960 paucis
701 2915 797 2951 foliis
823 2913 1062 2952 inferioribus
1087 2912 1248 2950 auricula
1274 2912 1462 2948 interdum
1480 2911 1709 2958 galeit'ormis
