1824 3252
186 188 260 222 456
859 182 1064 217 Frullania.

284 298 446 334 Habitat
485 297 523 331 in
553 295 754 331 Provincia
795 294 985 329 Minarum
1026 295 1270 330 Generalium
1312 297 1498 332 Brasiliae
1539 298 1586 333 ad
1623 299 1718 334 ιΙοὲιο

187 358 365 403 Baptista
390 357 428 390 in
456 355 570 400 sylvis
596 353 797 399 primaevis
822 353 886 396 (de
912 353 1075 388 Martius
1102 354 1140 388 in
1171 355 1244 389 Hb.
1274 355 1350 400 N.).

284 416 420 450 Differt
455 426 476 448 a
510 414 705 448 Frullania
739 411 955 447 Brasiliensi
993 412 1282 455 ramificatione,
1328 415 1452 449 colore
1479 416 1717 457 atro-fusco,

188 475 367 510 auriculis
400 473 572 508 soliorum
608 471 766 507 evolutis
794 471 927 513 nullis,
972 472 1249 516 ampbigastriis
1290 472 1441 508 brevius
1476 473 1718 518 emarginatis

188 532 357 577 margine
383 543 456 566 non
483 531 655 572 sinuatis,
681 530 875 566 involucro
902 531 1217 565 inciso-serrato.

464 626 544 658 102.
598 624 892 659 Frullania
916 624 1234 668 Montaynei
1260 624 1449 658 Gottsche.

281 694 348 728 Fr.
375 694 472 729 caule
503 695 925 741 dichotomo-biln'nnaw,
962 695 1070 728 ramis
1095 696 1249 728 decurris
1272 697 1438 741 supremis
1463 695 1616 730 brevibus
1639 696 1719 731 sub-

174 752 413 799 fasciculatis,
422 754 530 800 foliis
543 755 738 789 imbricatis
749 755 881 800 oblique
895 754 1211 798 rotundo-oblongis
1226 755 1352 789 obtusis
1365 757 1525 798 acutisre,
1552 756 1721 791 auriculis

185 812 542 859 oblmzyo-eylindricis
566 814 660 848 cauli
680 814 932 860 adproximatis
955 813 1213 857 subdemcdatis,
1239 815 1357 849 rarius
1382 814 1444 858 (in
1461 816 1568 850 ramis
1581 816 1718 860 fiucti—

174 871 271 917 feris
291 874 523 918 praesertim)
549 873 691 908 evolutis
717 873 925 914 lanceolam,
951 874 1209 920 amphz'yastriis
1235 873 1428 908 imbricatis
1453 873 1720 919 ovato-oblonyis

184 931 343 974 maryine
369 931 438 966 late
462 933 625 967 revolutis
651 933 723 968 basi
747 932 1166 968 sinuato-demzrrentibus
1190 940 1286 967 acute
1312 934 1440 978 bfidis,
1455 934 1560 980 foliis
1585 933 1717 968 involu-

185 990 336 1025 cralz'bus
361 994 409 1026 ad
430 994 580 1028 medium
605 994 732 1040 bzfidis,
761 993 844 1028 lobis
868 994 1175 1040 amphiycrstrz‘ique
1193 993 1330 1027 laciniis
1345 995 1455 1028 acutis
1474 996 1718 1039 intwerrimis,

179 1051 380 1095 perianthio
411 1053 603 1099 pyr-{sormi
643 1054 741 1087 dorso
778 1052 908 1087 sulcato
945 1059 1059 1087 ventre
1102 1053 1217 1087 obtuse
1256 1055 1487 1089 unicarinato.
1557 1054 1719 1089 Gottsclze

187 1108 285 1144 Icon.
311 1110 478 1146 Frnllan.
509 1113 602 1146 ined-

380 1172 554 1203 Frullania
581 1172 808 1215 cordistipula
835 1184 904 1203 var.
925 1172 1014 1203 soliis
1036 1171 1313 1204 snbmucronatis
1329 1171 1445 1205 Illam.
1463 1172 1511 1206 N.
1526 1172 1569 1206 ab
1584 1173 1630 1208 E.
1640 1173 1716 1208 Hb.

284 1239 445 1274 Habitat
470 1241 507 1275 in
536 1242 686 1275 Guiana
713 1241 873 1275 Gallica.

282 1297 315 1331 A
341 1299 535 1334 Frullania
554 1299 769 1333 Brasiliensi
795 1299 1058 1342 distinguitur:
1088 1300 1184 1334 foliis
1218 1300 1364 1334 obtusis
1392 1302 1449 1335 vel
1477 1302 1609 1345 acutis,
1644 1314 1718 1338 non

185 1366 275 1390 vero
301 1357 522 1401 apiculafis,
558 1358 736 1393 auriculis
763 1358 950 1403 plerisque
979 1369 1050 1392 non
1079 1359 1259 1401 evolutis,
1295 1360 1391 1393 soliis
1425 1360 1717 1395 involucralibus

184 1414 309 1449 minus
343 1417 529 1460 profunde
565 1417 697 1452 divisis
731 1416 1032 1461 subaequilobis,
1082 1417 1350 1462 amphigastrio
1385 1419 1498 1462 plano
1538 1423 1574 1452 et
1611 1420 1713 1463 peri-

186 1474 313 1508 anthio
338 1475 520 1511 carinato.

520 1561 599 1592 103.
649 1560 939 1593 Ε’ναῑῑαηία
966 1559 1164 1602 Deppae‘i
1192 1559 1382 1592 Gottsche.

281 1627 347 1661 Fr.
358 1629 499 1675 diyyna,
525 1628 620 1662 caule
645 1629 841 1663 inordinate
873 1630 1098 1675 tripinnatim
1124 1641 1276 1670 ramoso,
1299 1628 1406 1674 foliis
1431 1628 1539 1662 ovatis
1565 1629 1713 1673 inteyer-

183 1686 297 1728 rimis,
323 1688 485 1722 auricula
506 1701 634 1733 maymz
655 1688 1064 1734 cylindrico-yalet'sormi
1085 1689 1263 1722 rarissime
1292 1687 1436 1729 evoluta,
1463 1687 1722 1733 amplziyastrz'is

183 1745 292 1778 oratis
327 1745 443 1790 bgfl'dis
476 1749 633 1792 maryv'ne
658 1747 837 1789 revolutis,
868 1748 1068 1793 periantleio
1099 1748 1504 1793 prismatieo-triquetro
1530 1748 1629 1780 dorso
1655 1746 1721 1780 im-

178 1815 297 1849 presso
321 1812 439 1839 ventre
463 1808 702 1849 unic-armato,
737 1807 911 1841 involucro
936 1808 1243 1841 serrato-dentato.
1298 1806 1456 1840 Gotcselze
1480 1806 1576 1841 Icon.
1601 1806 1720 1841 Frull.

185 1862 305 1898 incdit.

374 1923 548 1955 Frullania
575 1925 703 1967 Deppii
730 1924 851 1957 Lelem.
879 1925 975 1968 Puy.
1003 1925 1105 1969 stirp.
1134 1924 1249 1958 VIII.
1270 1937 1308 1969 p.
1343 1927 1396 1958 15.

282 1991 445 2026 Habitat
470 1992 508 2026 in
535 1993 644 2028 terris
671 1994 907 2035 Mexicanis,
944 1994 1046 2027 unde
1073 1994 1118 2027 cl.
1148 1993 1305 2028 Leibold
1340 1993 1553 2037 nuperrime
1585 2004 1718 2038 repor-

185 2049 292 2084 tavit.
346 2051 471 2095 Prope
485 2053 705 2096 Xalappam
732 2051 872 2096 primus
897 2052 1040 2086 invenit
1068 2053 1200 2086 beatus
1220 2053 1370 2097 Deppe,
1396 2053 1504 2087 cuius
1532 2053 1723 2097 specimen

188 2108 295 2143 adest
330 2109 367 2144 in
403 2111 480 2146 Hb.
509 2111 805 2146 Lehmanniano.
871 2111 1050 2146 Plantula
1083 2123 1198 2156 prope
1235 2112 1308 2146 Rio
1344 2112 1390 2146 de
1424 2111 1580 2146 Janeiro
1615 2121 1637 2144 a
1674 2111 1720 2146 cl.

185 2168 404 2205 Luschnath
429 2170 525 2205 lecta
550 2170 645 2214 (Hb.
674 2170 795 2206 Acad.
824 2171 976 2214 Petrop.
1006 2181 1042 2204 n.
1069 2171 1149 2214 28.)
1177 2171 1278 2204 haud
1307 2171 1454 2205 diversa
1480 2171 1639 2206 videtur.

280 2240 418 2275 Variat
443 2240 542 2275 binis
569 2241 709 2282 formis,
736 2252 833 2286 quae
858 2241 896 2275 in
923 2241 1054 2275 eodem
1081 2242 1189 2275 caule
1215 2241 1401 2276 interdum
1431 2242 1695 2276 inveniuntur:

269 2312 303 2342 a,
329 2301 450 2332 lobulo
496 2302 623 2333 dorsali
672 2302 747 2333 solii
787 2302 1008 2333 involucralis
1049 2300 1206 2342 dentato,
1255 2303 1350 2345 quod
1391 2304 1425 2334 in
1467 2302 1717 2344 speciminibus

328 2359 566 2391 Leiboldianis
592 2361 774 2404 praecipue
804 2361 966 2399 occurrit,
994 2369 1025 2392 et

271 2415 303 2458 b,
329 2418 448 2449 lobulo
476 2418 605 2451 dorsali
630 2419 705 2450 folii
733 2420 954 2451 involucralis
982 2418 1137 2451 obsoleta
1159 2418 1368 2452 denticulato
1397 2420 1451 2452 vel
1474 2420 1715 2462 integerrimo.

332 2475 456 2519 (Stirps
483 2477 609 2521 Deppii
636 2477 698 2509 sed
726 2480 828 2510 etiam
855 2479 889 2508 in
916 2479 1098 2521 specimin.
1123 2478 1392 2520 Leiboldianis.)

282 2545 406 2581 caules
431 2545 597 2590 primarii
624 2547 728 2590 larga
755 2547 1022 2582 ramificatione
1057 2547 1263 2582 divaricate
1290 2546 1445 2589 ramosi,
1483 2547 1608 2591 pinnis
1635 2548 1702 2582 tri-

191 2604 379 2649 pinnatis,
413 2606 600 2641 uberrime
633 2606 868 2641 fructificant.
921 2606 1027 2640 Folia
1062 2611 1194 2649 ovata,
1233 2616 1421 2648 concava,
1457 2605 1708 2649 integerrima,

188 2663 312 2697 colore
338 2663 528 2707 brunneo;
556 2665 746 2700 auriculae
772 2676 933 2709 magnae
959 2665 1447 2709 cylindrico-galeiformes,
1475 2677 1606 2700 versus
1632 2666 1708 2700 ori-

187 2722 313 2757 ficium
352 2722 573 2762 bilabiatum
608 2727 775 2768 apertum
815 2724 928 2768 paulo
969 2724 1016 2758 ad
1057 2724 1175 2759 instar
1213 2723 1296 2758 colli
1337 2728 1572 2765 contractae,
1615 2724 1714 2758 cauli

191 2782 415 2826 parallelae,
454 2783 593 2817 lamina
627 2782 847 2826 triangulari
884 2782 1028 2817 minuta
1061 2782 1278 2823 interiecta,
1317 2783 1363 2816 ad
1398 2785 1421 2826 ξ
1456 2782 1601 2816 altitud.
1635 2781 1720 2816 folii

190 2841 410 2885 adsurgunt,
433 2847 470 2877 et
498 2843 560 2876 ubi
588 2842 625 2876 in
651 2842 771 2883 caule,
797 2842 896 2887 quod
923 2841 1045 2875 rarius
1071 2841 1270 2883 invenitur,
1299 2842 1511 2886 explicatae
1538 2841 1574 2874 in
1600 2840 1711 2875 lami-

189 2909 278 2934 nam
319 2900 606 2936 canaliculatam
646 2900 813 2945 margine
861 2901 1061 2944 denticulis
1114 2901 1324 2946 praeditam
1371 2905 1483 2947 atque
1532 2900 1709 2935 reflexam
