1824 3252
117 198 190 231 366
791 187 986 233 Lejeunia.

187 309 203 342 '?
230 312 252 351 β
280 310 384 341 ramis
410 307 673 345 subfasiculatis,
699 303 951 347 amphigastriis
977 304 1093 346 parvis
1113 303 1248 347 patulis-

215 370 259 404 In
294 367 445 402 Guiana
472 364 619 399 Gallica
646 363 693 397 ad
721 362 879 396 cortices
909 361 1083 395 arborum
1119 361 1156 396 in
1184 360 1300 406 sylvis
1326 359 1522 406 paludosis
1549 358 1650 394 circa

117 433 280 466 montem
307 428 468 470 Serpent
493 424 590 458 lecta
616 421 815 466 (Leprieur
840 420 878 455 in
899 420 976 454 Hb.
992 420 1048 456 M.
1071 425 1107 455 et
1123 421 1200 464 N.).
1251 421 1343 456 Var.
1370 423 1393 462 β
1418 421 1457 455 in
1487 418 1649 454 Brasilia

118 490 164 524 ad
183 488 253 522 Rio
279 486 326 520 de
352 484 506 519 Janeiro
525 482 621 525 (Hb.
637 481 678 515 L.
698 492 719 515 a
736 481 913 525 Bongard
942 480 1084 524 missa).
1121 481 1264 515 Forsan
1286 480 1463 514 distincta
1491 479 1649 524 species.

214 546 346 582 Cauiis
369 546 464 579 3-6
491 543 610 577 lineas
637 542 773 585 longus
801 540 915 575 ramis
941 539 1083 585 sparsis
1105 540 1335 584 patentibus.
1387 539 1494 574 Folia
1520 539 1646 573 {axiu-

118 607 219 642 scule
253 604 471 643 imbricata,
506 601 764 646 planiuscula‚
801 600 1022 642 rotundata,
1067 599 1306 644 integerrima
1343 599 1423 633 basi
1457 599 1540 633 sinu
1575 599 1650 633 leni

117 665 340 710 complicata
375 666 413 697 et
438 662 614 696 deorsum
642 660 807 695 nonnihil
843 660 1047 704 producta,
1080 660 1195 695 lobuli
1224 659 1392 704 margine
1416 661 1589 693 truncato
1616 662 1653 692 et

116 728 326 759 extrorsum
355 721 544 756 denticulo
572 732 686 766 saepe
712 720 899 765 praedito.
951 720 1057 754 Retis
1085 720 1256 753 maculae
1279 718 1549 760 subrotundae‚
1579 728 1651 752 an-

116 784 289 828 gulatae,
316 782 525 822 distantes,
565 780 854 814 intercalaribus
881 780 1052 823 angustis
1080 779 1443 814 subconssuentibus.
1500 776 1651 822 Amphi-

111 845 247 888 yastria
274 841 451 885 contigua
480 845 543 875 aut
571 841 842 884 subcontigua‚
879 840 1200 881 suborbicularia‚
1227 837 1468 882 integerrima
1495 837 1542 871 ad
1571 847 1648 870 me-

117 903 220 937 dium
248 913 368 947 usque
394 902 502 942 fissa,
539 900 632 934 rima
659 899 928 944 angustissima
964 899 1112 934 laciniis
1149 899 1268 933 acutis
1295 900 1378 942 (aut
1405 898 1566 943 obtusis)
1600 897 1652 931 ita

116 961 426 1003 conniventibus,
463 966 524 1002 ut,
563 960 645 994 sinu
675 959 722 993 ad
751 959 896 1004 apicem
924 959 1074 1001 clauso,
1102 959 1319 1003 plerumque
1348 958 1480 993 rimula
1507 963 1653 992 tantum

117 1024 162 1056 ad
191 1022 371 1066 originem
400 1021 506 1055 sinus
534 1021 777 1065 relinquatur.
835 1019 1094 1053 Perianthium
1123 1019 1291 1053 adultum
1320 1029 1391 1052 non
1420 1017 1508 1052 vidi.

213 1081 357 1116 Habitu
386 1081 516 1115 similis
544 1081 587 1114 L.
615 1092 740 1126 opacae
765 1090 843 1113 var.
867 1078 1106 1123 yeniczdatae,
1143 1078 1210 1112 sed
1243 1078 1366 1112 differt
1399 1078 1497 1112 foliis
1534 1076 1653 1120 magis

116 1142 356 1178 verticalibus
384 1146 420 1176 et
448 1139 800 1185 amphigastriorum
828 1138 957 1173 forma.

461 1239 540 1270 135.
592 1235 851 1282 Lejeaemia
874 1235 1168 1270 tenerrima
1197 1233 1315 1277 Ldbg.

213 1297 256 1330 L.
283 1296 379 1331 caule
401 1303 536 1341 ¹repente
563 1309 644 1340 casse
669 1308 802 1329 ramoso
827 1296 935 1328 ramz's
946 1293 1186 1340 Jilr'fhrmibns
1210 1293 1317 1334 laxis,
1363 1292 1440 1326 ollis
1461 1291 1656 1325 imbricatis

115 1354 333 1396 orbiculatis,
367 1356 535 1401 supremis
572 1356 618 1388 ml
652 1356 783 1401 apicem
818 1355 1032 1398 auyustatis,
1067 1354 1300 1397 fulmen-[mis
1329 1351 1546 1398 snbc'egflem's,
1583 1350 1655 1384 basi

114 1414 232 1449 subtus
257 1414 633 1461 sinuato-complicatis
647 1401 877 1461 lobulo'patvo
893 1415 1023 1460 inflato,
1050 1413 1310 1459 amphiyastriis
1332 1413 1467 1456 mer-quis
1487 1412 1656 1456 contigsuis

117 1475 532 1521 roczmdo-renifmvm'bus
547 1475 728 1520 adpressis,
754 1474 987 1520 superioribus
1006 1472 1154 1519 patulis,
1171 1472 1307 1506 laciniis
1324 1470 1654 1511 &chemmin-entibus,

105 1534 234 1579 fmctu
263 1560 270 1569 .
302 1560 308 1567 .

202 1604 234 1635 a,
263 1595 515 1639 amphigastriis
544 1593 808 1633 renisormibus,
836 1594 926 1625 soliis
954 1594 1190 1636 planinsculis.

201 1657 234 1695 β,
264 1656 515 1699 arnphigastriis
545 1654 713 1694 rotundis,
738 1654 831 1685 foliis
861 1654 1064 1685 convolutis.

307 1715 577 1757 Jnngermannia
623 1713 765 1745 sordida
810 1717 832 1754 β
877 1714 1061 1746 tenerrima
1097 1713 1143 1746 N.
1170 1711 1213 1745 ab
1241 1711 1288 1745 E.
1322 1712 1360 1745 in
1396 1711 1510 1744 Mart.
1539 1709 1652 1744 Flora,

398 1772 509 1807 Bras.
538 1773 569 1806 Ι.
601 1776 630 1805 l.
658 1783 694 1815 p.
722 1775 805 1806 363.
833 1785 867 1806 72.
896 1775 954 1806 48.

213 1843 375 1878 Habitat
410 1843 447 1877 in
487 1844 649 1878 Brasitia
690 1843 738 1877 ad
774 1842 1038 1877 Mandioccam
1079 1843 1118 1878 in
1155 1844 1267 1878 Serra
1305 1843 1373 1877 dos
1409 1843 1573 1885 Orffios,
1612 1841 1650 1875 in

118 1904 303 1939 DiStrictn
332 1904 600 1944 Adamantum‚
630 1903 676 1936 ad
705 1904 760 1936 St.
790 1902 885 1936 Joao
915 1902 1086 1946 Baptista
1115 1904 1174 1946 (de
1201 1902 1377 1942 Martius,
1407 1903 1483 1936 Hb.
1514 1901 1591 1946 N..)

215 1964 386 1998 Maxime
422 1962 498 2008 Lcj.
533 1961 667 1995 clausae
708 1962 849 2002 affirm,
892 1961 957 1995 sed
993 1951 1280 2005 distinguenda:
1322 1962 1452 1995 minori
1494 1965 1649 2004 statura,

118 2026 241 2061 colore
276 2023 470 2063 dilutiore,
513 2021 610 2055 foliis
649 2020 767 2064 magis
805 2020 1014 2054 rotundatis
1050 2021 1129 2055 basi
1169 2022 1317 2055 brevius
1353 2021 1651 2063 decurrentibus,

116 2084 300 2130 supremis
317 2083 422 2128 apice
444 2081 611 2115 nonnihil
632 2080 852 2124 angustatis7
882 2080 1161 2124 amphigastriis
1184 2082 1352 2115 rotundis
1380 2092 1446 2115 nec
1474 2081 1649 2115 cordato-

117 2143 307 2187 oblongis‚
335 2141 480 2176 laciniis
508 2140 632 2174 minus
660 2140 961 2175 conniventibus.
1016 2141 1150 2175 Differt
1178 2152 1286 2185 porro
1315 2153 1335 2175 a
1362 2141 1406 2176 L.
1433 2139 1653 2175 teretium-ula

118 2204 214 2238 soEiis
232 2202 466 2236 brevioribus
494 2201 616 2234 minus
633 2200 825 2243 involutis,
849 2200 1125 2244 amphigastriis
1151 2211 1223 2235 non
1245 2200 1560 2234 transversalibus
1581 2205 1651 2234 cet.

220 2263 250 2296 A
279 2263 322 2295 L.
350 2262 515 2295 concinna
544 2260 705 2304 denique
733 2260 883 2294 diversa
911 2264 967 2294 est
993 2260 1100 2294 caule
1129 2260 1353 2304 adplanata,
1382 2260 1504 2295 colore
1532 2260 1653 2301 viridi,

119 2322 217 2357 foliis
244 2321 537 2356 horizontalibus
564 2320 686 2364 planis
714 2318 912 2354 latioribus
939 2323 1073 2354 exacte
1101 2319 1332 2362 orbiculatis,
1359 2320 1484 2354 lobulo
1508 2319 1652 2354 minori.

465 2418 542 2450 136.
592 2416 854 2461 LeJeunia
885 2415 1166 2461 rufescens
1196 2415 1313 2459 Ldbg.

214 2477 258 2510 L.
285 2477 381 2511 caule
405 2481 541 2521 repente
566 2475 764 2508 inordinate
788 2474 1011 2520 subpinnato,
1027 2475 1132 2520 foliis
1160 2475 1353 2508 imbricatis
1377 2473 1649 2507 semi-subverti-

117 2535 249 2569 calibns
283 2534 514 2569 erectiusculis
547 2534 827 2568 rotundo-onmis
861 2525 989 2568 obtu'sis
1025 2541 1058 2568 et
1092 2533 1313 2568 acutiusculis
1345 2532 1656 2577 deflexo-involutis

119 2595 350 2640 inte-{seminas
374 2595 509 2641 apiceve
528 2593 751 2640 subrepandis
773 2592 846 2627 basi
861 2593 979 2627 subtus
991 2592 1366 2638 sinuato-complicatis
1379 2592 1491 2626 lobulo
1505 2593 1654 2627 involuto

119 2654 214 2699 apice
239 2652 483 2695 subm-uncam,
517 2653 777 2700 cernpltiyascriis
810 2653 980 2697 conti-quis
1002 2652 1108 2697 soliis
1139 2652 1242 2697 duplo
1272 2651 1464 2686 minoribus
1496 2654 1653 2687 cordato-

119 2713 277 2746 rotandis
289 2713 424 2759 patulis
436 2713 670 2757 inteyerrimis
694 2712 742 2745 ad
766 2713 907 2746 tertiam
916 2718 1056 2758 partem
1078 2711 1206 2755 bifidi-⁹⁹
1233 2711 1368 2745 laciniis
1380 2713 1508 2753 acutis,
1521 2713 1655 2758 fructu

122 2771 261 2806 laterali
284 2772 403 2813 sessili,
414 2772 522 2817 soliis
546 2771 814 2806 involucralibus
835 2771 1068 2816 conformibus
1093 2771 1312 2814 acmm'uacis,
1334 2771 1532 2817 pet-daumio
1557 2771 1655 2816 lonqe

120 2838 307 2875 emfflyeuce
330 2830 581 2878 subpyrzformz'
604 2843 788 2877 compresso
813 2837 912 2864 acute
935 2831 1204 2877 quinquanyulo.

217 2890 379 2925 Habitat
411 2892 451 2926 in
484 2892 600 2926 Terra
634 2891 810 2926 Statuum
847 2890 1044 2927 Americae
1079 2890 1141 2936 (cl.
1178 2891 1330 2926 Hooker
1365 2887 1655 2926 communicavit

121 2958 150 2982 s.
180 2959 214 2983 n.
240 2949 279 2983 J.
307 2949 455 2985 lineatae
483 2951 556 2986 Sw.
584 2950 661 2985 Hb.
688 2951 730 2985 L.
758 2953 796 2985 et
821 2950 919 2996 Lg.).
