<?xml version="1.0" encoding="UTF-8"?>
<!DOCTYPE html PUBLIC "-//W3C//DTD XHTML 1.0 Transitional//EN"
    "http://www.w3.org/TR/xhtml1/DTD/xhtml1-transitional.dtd">
<html xmlns="http://www.w3.org/1999/xhtml" xml:lang="en" lang="en">
 <head>
  <title>
</title>
<meta http-equiv="Content-Type" content="text/html;charset=utf-8" />
  <meta name='ocr-system' content='tesseract 3.04.00' />
  <meta name='ocr-capabilities' content='ocr_page ocr_carea ocr_par ocr_line ocrx_word'/>
</head>
<body>
  <div class='ocr_page' id='page_1' title='image "./synopsishepatica00gott_0166.png"; bbox 0 0 1824 3252; ppageno 0'>
   <div class='ocr_carea' id='block_1_1' title="bbox 174 218 1088 262">
    <p class='ocr_par' dir='ltr' id='par_1_1' title="bbox 174 218 1088 262">
     <span class='ocr_line' id='line_1_1' title="bbox 174 218 1088 262; baseline 0.001 -11"><span class='ocrx_word' id='word_1_1' title='bbox 174 221 238 252; x_wconf 75' lang='lat'>132</span> <span class='ocrx_word' id='word_1_2' title='bbox 779 218 1088 262; x_wconf 83' lang='lat' dir='ltr'>Jungermannia.</span> 
     </span>
    </p>
   </div>
   <div class='ocr_carea' id='block_1_2' title="bbox 170 332 1697 438">
    <p class='ocr_par' dir='ltr' id='par_1_2' title="bbox 170 332 1697 438">
     <span class='ocr_line' id='line_1_2' title="bbox 264 332 1696 379; baseline 0.001 -12"><span class='ocrx_word' id='word_1_3' title='bbox 264 334 409 368; x_wconf 82' lang='lat' dir='ltr'>Crescit</span> <span class='ocrx_word' id='word_1_4' title='bbox 444 332 534 366; x_wconf 87' lang='lat' dir='ltr'>locis</span> <span class='ocrx_word' id='word_1_5' title='bbox 569 332 757 366; x_wconf 82' lang='lat' dir='ltr'>umbrosis</span> <span class='ocrx_word' id='word_1_6' title='bbox 792 332 829 366; x_wconf 90' lang='lat' dir='ltr'>in</span> <span class='ocrx_word' id='word_1_7' title='bbox 863 333 978 367; x_wconf 86' lang='lat' dir='ltr'>latere</span> <span class='ocrx_word' id='word_1_8' title='bbox 1009 332 1150 367; x_wconf 77' lang='lat' dir='ltr'>boreali</span> <span class='ocrx_word' id='word_1_9' title='bbox 1185 334 1319 369; x_wconf 87' lang='lat' dir='ltr'>montis</span> <span class='ocrx_word' id='word_1_10' title='bbox 1345 335 1544 379; x_wconf 83' lang='lat' dir='ltr'>Tafclberg</span> <span class='ocrx_word' id='word_1_11' title='bbox 1574 335 1696 370; x_wconf 85' lang='lat' dir='ltr'>Prom.</span> 
     </span>
     <span class='ocr_line' id='line_1_3' title="bbox 170 391 1697 438; baseline 0.001 -11"><span class='ocrx_word' id='word_1_12' title='bbox 170 394 298 427; x_wconf 84' lang='lat' dir='ltr'>Bonae</span> <span class='ocrx_word' id='word_1_13' title='bbox 327 392 414 436; x_wconf 86' lang='lat' dir='ltr'>Spei</span> <span class='ocrx_word' id='word_1_14' title='bbox 444 392 620 438; x_wconf 84' lang='lat' dir='ltr'>(Eckiou)</span> <span class='ocrx_word' id='word_1_15' title='bbox 646 397 683 426; x_wconf 83' lang='lat' dir='ltr'>et</span> <span class='ocrx_word' id='word_1_16' title='bbox 709 392 745 426; x_wconf 91' lang='lat' dir='ltr'>in</span> <span class='ocrx_word' id='word_1_17' title='bbox 774 391 903 426; x_wconf 85' lang='lat' dir='ltr'>Insula</span> <span class='ocrx_word' id='word_1_18' title='bbox 918 392 1102 427; x_wconf 83' lang='lat' dir='ltr'>Franciae</span> <span class='ocrx_word' id='word_1_19' title='bbox 1127 392 1372 437; x_wconf 86' lang='lat' dir='ltr'>(Stadtmann</span> <span class='ocrx_word' id='word_1_20' title='bbox 1391 394 1429 429; x_wconf 91' lang='lat' dir='ltr'>in</span> <span class='ocrx_word' id='word_1_21' title='bbox 1447 395 1523 429; x_wconf 87' lang='lat' dir='ltr'>Hb.</span> <span class='ocrx_word' id='word_1_22' title='bbox 1544 395 1697 429; x_wconf 89' lang='lat' dir='ltr'>Hornc—</span> 
     </span>
    </p>
   </div>
   <div class='ocr_carea' id='block_1_3' title="bbox 162 452 1695 867">
    <p class='ocr_par' dir='ltr' id='par_1_3' title="bbox 167 452 428 496">
     <span class='ocr_line' id='line_1_4' title="bbox 167 452 428 496; baseline 0 -11"><span class='ocrx_word' id='word_1_23' title='bbox 167 464 277 487; x_wconf 83' lang='lat' dir='ltr'>mann</span> <span class='ocrx_word' id='word_1_24' title='bbox 306 458 341 486; x_wconf 72' lang='lat' dir='ltr'>ct</span> <span class='ocrx_word' id='word_1_25' title='bbox 370 452 428 496; x_wconf 91' lang='lat' dir='ltr'>L.)</span> 
     </span>
    </p>

    <p class='ocr_par' dir='ltr' id='par_1_4' title="bbox 162 521 1695 867">
     <span class='ocr_line' id='line_1_5' title="bbox 263 521 1694 567; baseline -0.001 -9"><span class='ocrx_word' id='word_1_26' title='bbox 263 525 372 558; x_wconf 90' lang='lat' dir='ltr'>Obs.</span> <span class='ocrx_word' id='word_1_27' title='bbox 427 522 607 556; x_wconf 88' lang='lat' dir='ltr'>Proxima</span> <span class='ocrx_word' id='word_1_28' title='bbox 641 522 679 556; x_wconf 90' lang='lat' dir='ltr'>J.</span> <span class='ocrx_word' id='word_1_29' title='bbox 714 521 900 556; x_wconf 78' lang='lat' dir='ltr'><strong><em>albescenti</em></strong></span> <span class='ocrx_word' id='word_1_30' title='bbox 936 522 1059 557; x_wconf 87' lang='lat' dir='ltr'>Hook.</span> <span class='ocrx_word' id='word_1_31' title='bbox 1092 528 1130 557; x_wconf 89' lang='lat' dir='ltr'>et</span> <span class='ocrx_word' id='word_1_32' title='bbox 1161 523 1201 558; x_wconf 90' lang='lat' dir='ltr'>J.</span> <span class='ocrx_word' id='word_1_33' title='bbox 1229 523 1428 558; x_wconf 80' lang='lat' dir='ltr'>Francisci.</span> <span class='ocrx_word' id='word_1_34' title='bbox 1489 524 1519 558; x_wconf 87' lang='lat' dir='ltr'>A</span> <span class='ocrx_word' id='word_1_35' title='bbox 1554 522 1694 567; x_wconf 84' lang='lat' dir='ltr'>priore:</span> 
     </span>
     <span class='ocr_line' id='line_1_6' title="bbox 165 581 1695 625; baseline -0.003 -5"><span class='ocrx_word' id='word_1_36' title='bbox 165 585 271 619; x_wconf 73' lang='lat' dir='ltr'>caule</span> <span class='ocrx_word' id='word_1_37' title='bbox 298 582 411 617; x_wconf 79' lang='lat' dir='ltr'>sterili</span> <span class='ocrx_word' id='word_1_38' title='bbox 439 581 619 625; x_wconf 79' lang='lat' dir='ltr'>simplici,</span> <span class='ocrx_word' id='word_1_39' title='bbox 654 582 776 616; x_wconf 78' lang='lat' dir='ltr'>colore</span> <span class='ocrx_word' id='word_1_40' title='bbox 810 581 907 616; x_wconf 82' lang='lat' dir='ltr'>foliis</span> <span class='ocrx_word' id='word_1_41' title='bbox 936 582 1209 616; x_wconf 82' lang='lat' dir='ltr'>remotiusculis</span> <span class='ocrx_word' id='word_1_42' title='bbox 1236 582 1359 617; x_wconf 90' lang='lat' dir='ltr'>minus</span> <span class='ocrx_word' id='word_1_43' title='bbox 1391 582 1586 623; x_wconf 85' lang='lat' dir='ltr'>concavis,</span> <span class='ocrx_word' id='word_1_44' title='bbox 1624 594 1695 617; x_wconf 91' lang='lat' dir='ltr'>non</span> 
     </span>
     <span class='ocr_line' id='line_1_7' title="bbox 163 640 1694 684; baseline -0.001 -7"><span class='ocrx_word' id='word_1_45' title='bbox 163 644 337 678; x_wconf 88' lang='lat' dir='ltr'>omnibus</span> <span class='ocrx_word' id='word_1_46' title='bbox 364 640 617 684; x_wconf 71' lang='lat' dir='ltr'>marginatis,</span> <span class='ocrx_word' id='word_1_47' title='bbox 645 641 792 675; x_wconf 83' lang='lat' dir='ltr'>laciniis</span> <span class='ocrx_word' id='word_1_48' title='bbox 819 653 892 676; x_wconf 91' lang='lat' dir='ltr'>non</span> <span class='ocrx_word' id='word_1_49' title='bbox 920 642 1208 676; x_wconf 83' lang='lat' dir='ltr'>conniventibus</span> <span class='ocrx_word' id='word_1_50' title='bbox 1236 653 1304 676; x_wconf 88' lang='lat' dir='ltr'>nec</span> <span class='ocrx_word' id='word_1_51' title='bbox 1328 642 1583 684; x_wconf 64' lang='lat' dir='ltr'>acustusculis,</span> <span class='ocrx_word' id='word_1_52' title='bbox 1611 653 1694 676; x_wconf 87' lang='lat' dir='ltr'>am—</span> 
     </span>
     <span class='ocr_line' id='line_1_8' title="bbox 163 700 1693 745; baseline -0.001 -9"><span class='ocrx_word' id='word_1_53' title='bbox 163 700 378 745; x_wconf 80' lang='lat' dir='ltr'>phigastriis</span> <span class='ocrx_word' id='word_1_54' title='bbox 406 711 519 744; x_wconf 84' lang='lat' dir='ltr'>saepe</span> <span class='ocrx_word' id='word_1_55' title='bbox 547 700 778 743; x_wconf 68' lang='lat' dir='ltr'>emarginato</span> <span class='ocrx_word' id='word_1_56' title='bbox 796 721 804 726; x_wconf 90' lang='lat'><strong>·</strong></span> <span class='ocrx_word' id='word_1_57' title='bbox 824 700 971 743; x_wconf 74' lang='lat' dir='ltr'>bifidis;</span> <span class='ocrx_word' id='word_1_58' title='bbox 999 702 1046 736; x_wconf 84' lang='lat' dir='ltr'>ab</span> <span class='ocrx_word' id='word_1_59' title='bbox 1074 702 1210 736; x_wconf 84' lang='lat' dir='ltr'>altera:</span> <span class='ocrx_word' id='word_1_60' title='bbox 1238 702 1346 737; x_wconf 86' lang='lat' dir='ltr'>caule</span> <span class='ocrx_word' id='word_1_61' title='bbox 1382 713 1453 736; x_wconf 86' lang='lat' dir='ltr'>non</span> <span class='ocrx_word' id='word_1_62' title='bbox 1481 702 1517 735; x_wconf 86' lang='lat' dir='ltr'>in</span> <span class='ocrx_word' id='word_1_63' title='bbox 1545 702 1693 744; x_wconf 85' lang='lat' dir='ltr'>longum</span> 
     </span>
     <span class='ocr_line' id='line_1_9' title="bbox 162 760 1694 805; baseline -0.001 -9"><span class='ocrx_word' id='word_1_64' title='bbox 162 762 326 796; x_wconf 79' lang='lat' dir='ltr'>rhizoma</span> <span class='ocrx_word' id='word_1_65' title='bbox 354 761 536 799; x_wconf 83' lang='lat' dir='ltr'>abeunte,</span> <span class='ocrx_word' id='word_1_66' title='bbox 574 760 670 794; x_wconf 85' lang='lat' dir='ltr'>foliis</span> <span class='ocrx_word' id='word_1_67' title='bbox 705 771 788 795; x_wconf 81' lang='lat' dir='ltr'>raro</span> <span class='ocrx_word' id='word_1_68' title='bbox 814 762 955 803; x_wconf 62' lang='lat' dir='ltr'>ovans,</span> <span class='ocrx_word' id='word_1_69' title='bbox 994 772 1064 796; x_wconf 88' lang='lat' dir='ltr'>nec</span> <span class='ocrx_word' id='word_1_70' title='bbox 1100 767 1209 797; x_wconf 70' lang='lat' dir='ltr'>acute</span> <span class='ocrx_word' id='word_1_71' title='bbox 1244 762 1507 805; x_wconf 79' lang='lat' dir='ltr'>emarginatis,</span> <span class='ocrx_word' id='word_1_72' title='bbox 1542 765 1694 795; x_wconf 81' lang='lat' dir='ltr'>textura</span> 
     </span>
     <span class='ocr_line' id='line_1_10' title="bbox 162 819 1689 867; baseline 0 -12"><span class='ocrx_word' id='word_1_73' title='bbox 162 821 323 860; x_wconf 81' lang='lat' dir='ltr'>laxiore3</span> <span class='ocrx_word' id='word_1_74' title='bbox 351 820 397 853; x_wconf 84' lang='lat' dir='ltr'>ab</span> <span class='ocrx_word' id='word_1_75' title='bbox 425 824 604 864; x_wconf 81' lang='lat' dir='ltr'>utraque:</span> <span class='ocrx_word' id='word_1_76' title='bbox 632 819 727 854; x_wconf 83' lang='lat' dir='ltr'>facie</span> <span class='ocrx_word' id='word_1_77' title='bbox 753 825 911 856; x_wconf 84' lang='lat' dir='ltr'>externa</span> <span class='ocrx_word' id='word_1_78' title='bbox 937 826 974 855; x_wconf 87' lang='lat' dir='ltr'>et</span> <span class='ocrx_word' id='word_1_79' title='bbox 1000 821 1120 856; x_wconf 81' lang='lat' dir='ltr'>fructu</span> <span class='ocrx_word' id='word_1_80' title='bbox 1144 823 1255 867; x_wconf 84' lang='lat' dir='ltr'>piane</span> <span class='ocrx_word' id='word_1_81' title='bbox 1281 822 1429 857; x_wconf 88' lang='lat' dir='ltr'>diversa</span> <span class='ocrx_word' id='word_1_82' title='bbox 1449 821 1541 857; x_wconf 78' lang='lat' dir='ltr'>satis</span> <span class='ocrx_word' id='word_1_83' title='bbox 1559 832 1689 865; x_wconf 88' lang='lat' dir='ltr'>super-</span> 
     </span>
    </p>
   </div>
   <div class='ocr_carea' id='block_1_4' title="bbox 161 880 392 926">
    <p class='ocr_par' dir='ltr' id='par_1_5' title="bbox 161 880 392 926">
     <span class='ocr_line' id='line_1_11' title="bbox 161 880 392 926; baseline -0.009 -11"><span class='ocrx_word' id='word_1_84' title='bbox 161 892 232 926; x_wconf 78' lang='lat' dir='ltr'>que</span> <span class='ocrx_word' id='word_1_85' title='bbox 259 880 392 913; x_wconf 71' lang='lat' dir='ltr'>differt.</span> 
     </span>
    </p>
   </div>
   <div class='ocr_carea' id='block_1_5' title="bbox 409 975 1441 1021">
    <p class='ocr_par' dir='ltr' id='par_1_6' title="bbox 409 975 1441 1021">
     <span class='ocr_line' id='line_1_12' title="bbox 409 975 1441 1021; baseline 0.002 -12"><span class='ocrx_word' id='word_1_86' title='bbox 409 977 488 1010; x_wconf 91' lang='lat'>108.</span> <span class='ocrx_word' id='word_1_87' title='bbox 539 975 979 1021; x_wconf 58' lang='lat' dir='ltr'>Juanermamnia</span> <span class='ocrx_word' id='word_1_88' title='bbox 1009 978 1294 1013; x_wconf 49' lang='lat' dir='ltr'>rma-antheo</span> <span class='ocrx_word' id='word_1_89' title='bbox 1321 977 1441 1012; x_wconf 90' lang='lat' dir='ltr'>Mont.</span> 
     </span>
    </p>
   </div>
   <div class='ocr_carea' id='block_1_6' title="bbox 146 1047 1690 1452">
    <p class='ocr_par' dir='ltr' id='par_1_7' title="bbox 146 1047 1690 1452">
     <span class='ocr_line' id='line_1_13' title="bbox 254 1047 1689 1094; baseline -0.003 -10"><span class='ocrx_word' id='word_1_90' title='bbox 254 1050 293 1084; x_wconf 90' lang='lat' dir='ltr'>J.</span> <span class='ocrx_word' id='word_1_91' title='bbox 335 1047 714 1093; x_wconf 73' lang='lat' dir='ltr'>subumphiyaslriata‚</span> <span class='ocrx_word' id='word_1_92' title='bbox 759 1047 857 1081; x_wconf 83' lang='lat' dir='ltr'>caule</span> <span class='ocrx_word' id='word_1_93' title='bbox 907 1054 1049 1094; x_wconf 81' lang='lat' dir='ltr'>repente</span> <span class='ocrx_word' id='word_1_94' title='bbox 1096 1049 1294 1083; x_wconf 79' lang='lat' dir='ltr'>subrumoso</span> <span class='ocrx_word' id='word_1_95' title='bbox 1332 1048 1442 1083; x_wconf 82' lang='lat' dir='ltr'>ramis</span> <span class='ocrx_word' id='word_1_96' title='bbox 1481 1048 1689 1082; x_wconf 75' lang='lat' dir='ltr'>divaricato-</span> 
     </span>
     <span class='ocr_line' id='line_1_14' title="bbox 146 1106 1687 1155; baseline -0.003 -12"><span class='ocrx_word' id='word_1_97' title='bbox 146 1109 339 1155; x_wconf 72' lang='lat' dir='ltr'>flexuosis,</span> <span class='ocrx_word' id='word_1_98' title='bbox 371 1106 479 1152; x_wconf 76' lang='lat' dir='ltr'>foliis</span> <span class='ocrx_word' id='word_1_99' title='bbox 513 1107 602 1142; x_wconf 74' lang='lat' dir='ltr'>laxis</span> <span class='ocrx_word' id='word_1_100' title='bbox 634 1108 919 1142; x_wconf 73' lang='lat' dir='ltr'>adscendentibus</span> <span class='ocrx_word' id='word_1_101' title='bbox 953 1108 1224 1154; x_wconf 75' lang='lat' dir='ltr'>heteromorpltis</span> <span class='ocrx_word' id='word_1_102' title='bbox 1264 1107 1465 1151; x_wconf 70' lang='lat' dir='ltr'>(canentis,</span> <span class='ocrx_word' id='word_1_103' title='bbox 1500 1107 1687 1152; x_wconf 81' lang='lat' dir='ltr'>quadrato-</span> 
     </span>
     <span class='ocr_line' id='line_1_15' title="bbox 157 1164 1690 1215; baseline -0.003 -13"><span class='ocrx_word' id='word_1_104' title='bbox 157 1169 266 1203; x_wconf 73' lang='lat' dir='ltr'>oratis</span> <span class='ocrx_word' id='word_1_105' title='bbox 298 1166 515 1213; x_wconf 72' lang='lat' dir='ltr'>oblonyisz·e)</span> <span class='ocrx_word' id='word_1_106' title='bbox 549 1168 596 1201; x_wconf 83' lang='lat' dir='ltr'>ad</span> <span class='ocrx_word' id='word_1_107' title='bbox 628 1168 779 1201; x_wconf 81' lang='lat' dir='ltr'>medium</span> <span class='ocrx_word' id='word_1_108' title='bbox 812 1180 919 1213; x_wconf 83' lang='lat' dir='ltr'>usque</span> <span class='ocrx_word' id='word_1_109' title='bbox 963 1168 1079 1215; x_wconf 69' lang='lat' dir='ltr'>bffidis</span> <span class='ocrx_word' id='word_1_110' title='bbox 1112 1169 1193 1203; x_wconf 82' lang='lat' dir='ltr'>sinu</span> <span class='ocrx_word' id='word_1_111' title='bbox 1225 1175 1327 1202; x_wconf 80' lang='lat' dir='ltr'>acuto</span> <span class='ocrx_word' id='word_1_112' title='bbox 1363 1166 1519 1201; x_wconf 80' lang='lat' dir='ltr'>obtusove</span> <span class='ocrx_word' id='word_1_113' title='bbox 1552 1164 1690 1199; x_wconf 70' lang='lat' dir='ltr'>laciniis</span> 
     </span>
     <span class='ocr_line' id='line_1_16' title="bbox 157 1225 1686 1274; baseline -0.003 -12"><span class='ocrx_word' id='word_1_114' title='bbox 157 1228 363 1262; x_wconf 78' lang='lat' dir='ltr'>divaricatis</span> <span class='ocrx_word' id='word_1_115' title='bbox 386 1226 515 1261; x_wconf 80' lang='lat' dir='ltr'>obtusis</span> <span class='ocrx_word' id='word_1_116' title='bbox 538 1226 852 1273; x_wconf 74' lang='lat' dir='ltr'>subinaequalibns,</span> <span class='ocrx_word' id='word_1_117' title='bbox 878 1228 1140 1274; x_wconf 73' lang='lat' dir='ltr'>amphiyastriis</span> <span class='ocrx_word' id='word_1_118' title='bbox 1165 1227 1319 1262; x_wconf 80' lang='lat' dir='ltr'><em>obsoletis</em></span> <span class='ocrx_word' id='word_1_119' title='bbox 1344 1225 1509 1267; x_wconf 76' lang='lat' dir='ltr'>nullisve,</span> <span class='ocrx_word' id='word_1_120' title='bbox 1540 1225 1686 1271; x_wconf 81' lang='lat' dir='ltr'>perian-</span> 
     </span>
     <span class='ocr_line' id='line_1_17' title="bbox 156 1286 1690 1333; baseline -0.003 -11"><span class='ocrx_word' id='word_1_121' title='bbox 156 1289 229 1322; x_wconf 77' lang='lat' dir='ltr'>tleio</span> <span class='ocrx_word' id='word_1_122' title='bbox 254 1289 289 1322; x_wconf 79' lang='lat' dir='ltr'>in</span> <span class='ocrx_word' id='word_1_123' title='bbox 317 1286 453 1321; x_wconf 80' lang='lat' dir='ltr'>ramulo</span> <span class='ocrx_word' id='word_1_124' title='bbox 480 1287 677 1321; x_wconf 76' lang='lat' dir='ltr'>brevissimo</span> <span class='ocrx_word' id='word_1_125' title='bbox 702 1289 886 1323; x_wconf 70' lang='lat' dir='ltr'>radicante</span> <span class='ocrx_word' id='word_1_126' title='bbox 911 1288 1092 1322; x_wconf 79' lang='lat' dir='ltr'>terminali</span> <span class='ocrx_word' id='word_1_127' title='bbox 1117 1288 1258 1333; x_wconf 69' lang='lat' dir='ltr'>oblonyo</span> <span class='ocrx_word' id='word_1_128' title='bbox 1276 1286 1411 1333; x_wconf 79' lang='lat' dir='ltr'>plicato</span> <span class='ocrx_word' id='word_1_129' title='bbox 1445 1297 1503 1319; x_wconf 87' lang='lat' dir='ltr'>ore</span> <span class='ocrx_word' id='word_1_130' title='bbox 1529 1290 1690 1318; x_wconf 76' lang='lat' dir='ltr'>truncato</span> 
     </span>
     <span class='ocr_line' id='line_1_18' title="bbox 155 1343 1689 1392; baseline -0.003 -10"><span class='ocrx_word' id='word_1_131' title='bbox 155 1347 352 1388; x_wconf 79' lang='lat' dir='ltr'>crenulato,</span> <span class='ocrx_word' id='word_1_132' title='bbox 375 1346 482 1392; x_wconf 82' lang='lat' dir='ltr'>soliis</span> <span class='ocrx_word' id='word_1_133' title='bbox 513 1347 780 1382; x_wconf 75' lang='lat' dir='ltr'>involucralibus</span> <span class='ocrx_word' id='word_1_134' title='bbox 811 1348 1004 1383; x_wconf 79' lang='lat' dir='ltr'>obcordatis</span> <span class='ocrx_word' id='word_1_135' title='bbox 1039 1349 1173 1383; x_wconf 82' lang='lat' dir='ltr'>intimis</span> <span class='ocrx_word' id='word_1_136' title='bbox 1198 1346 1380 1382; x_wconf 79' lang='lat' dir='ltr'>undulatis</span> <span class='ocrx_word' id='word_1_137' title='bbox 1403 1345 1579 1379; x_wconf 77' lang='lat' dir='ltr'>trilobatis</span> <span class='ocrx_word' id='word_1_138' title='bbox 1605 1343 1689 1378; x_wconf 82' lang='lat' dir='ltr'>lobis</span> 
     </span>
     <span class='ocr_line' id='line_1_19' title="bbox 155 1407 481 1452; baseline -0.009 -10"><span class='ocrx_word' id='word_1_139' title='bbox 155 1408 282 1442; x_wconf 77' lang='lat' dir='ltr'>obtusis</span> <span class='ocrx_word' id='word_1_140' title='bbox 306 1407 481 1452; x_wconf 78' lang='lat' dir='ltr'>repandis.</span> 
     </span>
    </p>
   </div>
   <div class='ocr_carea' id='block_1_7' title="bbox 349 1476 1684 1523">
    <p class='ocr_par' dir='ltr' id='par_1_8' title="bbox 349 1476 1684 1523">
     <span class='ocr_line' id='line_1_20' title="bbox 349 1476 1684 1523; baseline -0.001 -12"><span class='ocrx_word' id='word_1_141' title='bbox 349 1477 543 1521; x_wconf 65' lang='lat' dir='ltr'>Illontayne</span> <span class='ocrx_word' id='word_1_142' title='bbox 557 1477 592 1510; x_wconf 85' lang='lat' dir='ltr'>in</span> <span class='ocrx_word' id='word_1_143' title='bbox 609 1476 750 1511; x_wconf 73' lang='lat' dir='ltr'>Rumon</span> <span class='ocrx_word' id='word_1_144' title='bbox 768 1478 809 1511; x_wconf 85' lang='lat' dir='ltr'>de</span> <span class='ocrx_word' id='word_1_145' title='bbox 824 1477 857 1512; x_wconf 78' lang='lat' dir='ltr'>la</span> <span class='ocrx_word' id='word_1_146' title='bbox 871 1478 988 1523; x_wconf 76' lang='lat' dir='ltr'>Sayra</span> <span class='ocrx_word' id='word_1_147' title='bbox 1003 1479 1103 1513; x_wconf 70' lang='lat' dir='ltr'>Hist.</span> <span class='ocrx_word' id='word_1_148' title='bbox 1117 1484 1190 1512; x_wconf 85' lang='lat' dir='ltr'>nat.</span> <span class='ocrx_word' id='word_1_149' title='bbox 1208 1477 1292 1512; x_wconf 80' lang='lat' dir='ltr'><em>Cub.</em></span> <span class='ocrx_word' id='word_1_150' title='bbox 1310 1477 1394 1512; x_wconf 77' lang='lat' dir='ltr'>Bot.</span> <span class='ocrx_word' id='word_1_151' title='bbox 1412 1476 1536 1522; x_wconf 73' lang='lat' dir='ltr'>Crupt.</span> <span class='ocrx_word' id='word_1_152' title='bbox 1548 1488 1586 1522; x_wconf 83' lang='lat' dir='ltr'>p.</span> <span class='ocrx_word' id='word_1_153' title='bbox 1601 1478 1684 1510; x_wconf 82' lang='lat'>455.</span> 
     </span>
    </p>
   </div>
   <div class='ocr_carea' id='block_1_8' title="bbox 252 1547 1685 1597">
    <p class='ocr_par' dir='ltr' id='par_1_9' title="bbox 252 1547 1685 1597">
     <span class='ocr_line' id='line_1_21' title="bbox 252 1547 1685 1597; baseline 0 -14"><span class='ocrx_word' id='word_1_154' title='bbox 252 1548 397 1583; x_wconf 82' lang='lat' dir='ltr'>Crescit</span> <span class='ocrx_word' id='word_1_155' title='bbox 438 1547 474 1581; x_wconf 93' lang='lat' dir='ltr'>in</span> <span class='ocrx_word' id='word_1_156' title='bbox 515 1547 654 1581; x_wconf 82' lang='lat' dir='ltr'>cortice</span> <span class='ocrx_word' id='word_1_157' title='bbox 691 1549 865 1583; x_wconf 85' lang='lat' dir='ltr'>arborum</span> <span class='ocrx_word' id='word_1_158' title='bbox 901 1550 1031 1585; x_wconf 87' lang='lat' dir='ltr'>Cubae</span> <span class='ocrx_word' id='word_1_159' title='bbox 1072 1550 1219 1584; x_wconf 87' lang='lat' dir='ltr'>insulae</span> <span class='ocrx_word' id='word_1_160' title='bbox 1269 1561 1352 1584; x_wconf 88' lang='lat' dir='ltr'>cum</span> <span class='ocrx_word' id='word_1_161' title='bbox 1389 1551 1521 1597; x_wconf 76' lang='lat' dir='ltr'>Hypno</span> <span class='ocrx_word' id='word_1_162' title='bbox 1554 1555 1685 1589; x_wconf 83' lang='lat' dir='ltr'>tenero,</span> 
     </span>
    </p>
   </div>
   <div class='ocr_carea' id='block_1_9' title="bbox 157 1607 1684 1715">
    <p class='ocr_par' dir='ltr' id='par_1_10' title="bbox 157 1607 1684 1715">
     <span class='ocr_line' id='line_1_22' title="bbox 157 1607 980 1653; baseline 0.004 -12"><span class='ocrx_word' id='word_1_163' title='bbox 157 1619 239 1643; x_wconf 86' lang='lat' dir='ltr'>rara</span> <span class='ocrx_word' id='word_1_164' title='bbox 265 1608 426 1651; x_wconf 83' lang='lat' dir='ltr'>(Ramon</span> <span class='ocrx_word' id='word_1_165' title='bbox 455 1607 501 1640; x_wconf 87' lang='lat' dir='ltr'>de</span> <span class='ocrx_word' id='word_1_166' title='bbox 529 1608 564 1640; x_wconf 86' lang='lat' dir='ltr'>ia</span> <span class='ocrx_word' id='word_1_167' title='bbox 592 1607 711 1650; x_wconf 80' lang='lat' dir='ltr'>Sagra</span> <span class='ocrx_word' id='word_1_168' title='bbox 738 1607 774 1641; x_wconf 93' lang='lat' dir='ltr'>in</span> <span class='ocrx_word' id='word_1_169' title='bbox 806 1609 880 1644; x_wconf 85' lang='lat' dir='ltr'>Hb.</span> <span class='ocrx_word' id='word_1_170' title='bbox 909 1609 980 1653; x_wconf 90' lang='lat' dir='ltr'>M.)</span> 
     </span>
     <span class='ocr_line' id='line_1_23' title="bbox 250 1668 1684 1715; baseline 0.001 -12"><span class='ocrx_word' id='word_1_171' title='bbox 250 1669 429 1712; x_wconf 76' lang='lat' dir='ltr'>Calyptra</span> <span class='ocrx_word' id='word_1_172' title='bbox 473 1672 604 1707; x_wconf 81' lang='lat' dir='ltr'>ovata,</span> <span class='ocrx_word' id='word_1_173' title='bbox 647 1668 744 1710; x_wconf 65' lang='lat' dir='ltr'>stylo</span> <span class='ocrx_word' id='word_1_174' title='bbox 783 1668 888 1702; x_wconf 83' lang='lat' dir='ltr'>brevi</span> <span class='ocrx_word' id='word_1_175' title='bbox 930 1669 1158 1703; x_wconf 80' lang='lat' dir='ltr'>acuminata.</span> <span class='ocrx_word' id='word_1_176' title='bbox 1206 1668 1336 1703; x_wconf 87' lang='lat' dir='ltr'>Affinis</span> <span class='ocrx_word' id='word_1_177' title='bbox 1381 1669 1684 1715; x_wconf 71' lang='lat' dir='ltr'>Jnnyermanniae</span> 
     </span>
    </p>
   </div>
   <div class='ocr_carea' id='block_1_10' title="bbox 152 1727 1379 1774">
    <p class='ocr_par' dir='ltr' id='par_1_11' title="bbox 152 1727 1379 1774">
     <span class='ocr_line' id='line_1_24' title="bbox 152 1727 1379 1774; baseline 0.002 -14"><span class='ocrx_word' id='word_1_178' title='bbox 152 1727 435 1772; x_wconf 73' lang='lat' dir='ltr'>heteronmrplaae</span> <span class='ocrx_word' id='word_1_179' title='bbox 461 1727 502 1762; x_wconf 89' lang='lat' dir='ltr'>L.</span> <span class='ocrx_word' id='word_1_180' title='bbox 531 1731 567 1761; x_wconf 88' lang='lat' dir='ltr'>et</span> <span class='ocrx_word' id='word_1_181' title='bbox 595 1727 648 1769; x_wconf 68' lang='lat' dir='ltr'>L„</span> <span class='ocrx_word' id='word_1_182' title='bbox 675 1727 740 1762; x_wconf 88' lang='lat' dir='ltr'>sed</span> <span class='ocrx_word' id='word_1_183' title='bbox 769 1728 863 1763; x_wconf 86' lang='lat' dir='ltr'>bene</span> <span class='ocrx_word' id='word_1_184' title='bbox 890 1728 1078 1763; x_wconf 83' lang='lat' dir='ltr'>distincta.</span> <span class='ocrx_word' id='word_1_185' title='bbox 1127 1729 1379 1774; x_wconf 85' lang='lat' dir='ltr'>(Montagne.)</span> 
     </span>
    </p>
   </div>
   <div class='ocr_carea' id='block_1_11' title="bbox 375 1836 1465 1880">
    <p class='ocr_par' dir='ltr' id='par_1_12' title="bbox 375 1836 1465 1880">
     <span class='ocr_line' id='line_1_25' title="bbox 375 1836 1465 1880; baseline 0.004 -12"><span class='ocrx_word' id='word_1_186' title='bbox 375 1837 453 1869; x_wconf 88' lang='lat'>109.</span> <span class='ocrx_word' id='word_1_187' title='bbox 503 1836 944 1880; x_wconf 64' lang='lat' dir='ltr'>Junqervnannz‘a</span> <span class='ocrx_word' id='word_1_188' title='bbox 975 1836 1245 1872; x_wconf 61' lang='lat' dir='ltr'>islandiae&gt;</span> <span class='ocrx_word' id='word_1_189' title='bbox 1275 1837 1319 1871; x_wconf 90' lang='lat' dir='ltr'>N.</span> <span class='ocrx_word' id='word_1_190' title='bbox 1348 1838 1395 1872; x_wconf 87' lang='lat' dir='ltr'>ab</span> <span class='ocrx_word' id='word_1_191' title='bbox 1424 1839 1465 1872; x_wconf 90' lang='lat' dir='ltr'>E.</span> 
     </span>
    </p>
   </div>
   <div class='ocr_carea' id='block_1_12' title="bbox 138 1906 1681 2264">
    <p class='ocr_par' dir='ltr' id='par_1_13' title="bbox 138 1906 1681 2191">
     <span class='ocr_line' id='line_1_26' title="bbox 247 1906 1678 1956; baseline 0.003 -15"><span class='ocrx_word' id='word_1_192' title='bbox 247 1907 285 1941; x_wconf 90' lang='lat' dir='ltr'>J.</span> <span class='ocrx_word' id='word_1_193' title='bbox 313 1906 626 1952; x_wconf 74' lang='lat' dir='ltr'>amphiyastriata,</span> <span class='ocrx_word' id='word_1_194' title='bbox 662 1907 761 1940; x_wconf 84' lang='lat' dir='ltr'>caule</span> <span class='ocrx_word' id='word_1_195' title='bbox 787 1906 945 1951; x_wconf 74' lang='lat' dir='ltr'>elonyato</span> <span class='ocrx_word' id='word_1_196' title='bbox 968 1907 1120 1953; x_wconf 80' lang='lat' dir='ltr'>simplici</span> <span class='ocrx_word' id='word_1_197' title='bbox 1145 1921 1317 1942; x_wconf 84' lang='lat' dir='ltr'>ramosove</span> <span class='ocrx_word' id='word_1_198' title='bbox 1347 1917 1489 1956; x_wconf 81' lang='lat' dir='ltr'>repente</span> <span class='ocrx_word' id='word_1_199' title='bbox 1525 1912 1678 1945; x_wconf 81' lang='lat' dir='ltr'>crassiu-</span> 
     </span>
     <span class='ocr_line' id='line_1_27' title="bbox 149 1965 1681 2017; baseline 0.003 -17"><span class='ocrx_word' id='word_1_200' title='bbox 149 1965 253 2007; x_wconf 83' lang='lat' dir='ltr'>sculo,</span> <span class='ocrx_word' id='word_1_201' title='bbox 280 1965 389 2010; x_wconf 83' lang='lat' dir='ltr'>foliis</span> <span class='ocrx_word' id='word_1_202' title='bbox 413 1965 701 1999; x_wconf 80' lang='lat' dir='ltr'>subverticalibus</span> <span class='ocrx_word' id='word_1_203' title='bbox 727 1966 937 2000; x_wconf 77' lang='lat' dir='ltr'>distantibus</span> <span class='ocrx_word' id='word_1_204' title='bbox 962 1966 1164 2000; x_wconf 75' lang='lat' dir='ltr'>orbiculatis</span> <span class='ocrx_word' id='word_1_205' title='bbox 1189 1968 1237 2001; x_wconf 80' lang='lat' dir='ltr'>ad</span> <span class='ocrx_word' id='word_1_206' title='bbox 1260 1969 1411 2002; x_wconf 81' lang='lat' dir='ltr'>medium</span> <span class='ocrx_word' id='word_1_207' title='bbox 1434 1982 1540 2015; x_wconf 76' lang='lat' dir='ltr'>usque</span> <span class='ocrx_word' id='word_1_208' title='bbox 1566 1970 1681 2017; x_wconf 54' lang='lat' dir='ltr'>bifidis</span> 
     </span>
     <span class='ocr_line' id='line_1_28' title="bbox 149 2024 1680 2075; baseline 0.003 -16"><span class='ocrx_word' id='word_1_209' title='bbox 149 2027 229 2059; x_wconf 85' lang='lat' dir='ltr'>sinu</span> <span class='ocrx_word' id='word_1_210' title='bbox 253 2025 458 2070; x_wconf 77' lang='lat' dir='ltr'>Iaciniisque</span> <span class='ocrx_word' id='word_1_211' title='bbox 481 2025 605 2067; x_wconf 78' lang='lat' dir='ltr'>acutis,</span> <span class='ocrx_word' id='word_1_212' title='bbox 631 2024 893 2070; x_wconf 75' lang='lat' dir='ltr'>amphiyastriis</span> <span class='ocrx_word' id='word_1_213' title='bbox 918 2037 936 2059; x_wconf 87' lang='lat' dir='ltr'>e</span> <span class='ocrx_word' id='word_1_214' title='bbox 952 2025 1024 2059; x_wconf 85' lang='lat' dir='ltr'>basi</span> <span class='ocrx_word' id='word_1_215' title='bbox 1041 2033 1141 2060; x_wconf 77' lang='lat' dir='ltr'>ovata</span> <span class='ocrx_word' id='word_1_216' title='bbox 1161 2027 1313 2072; x_wconf 70' lang='lat' dir='ltr'>oblonyis</span> <span class='ocrx_word' id='word_1_217' title='bbox 1329 2035 1391 2062; x_wconf 81' lang='lat' dir='ltr'>aut</span> <span class='ocrx_word' id='word_1_218' title='bbox 1411 2029 1680 2075; x_wconf 80' lang='lat' dir='ltr'>subparabolicis</span> 
     </span>
     <span class='ocr_line' id='line_1_29' title="bbox 150 2084 1680 2132; baseline 0.003 -13"><span class='ocrx_word' id='word_1_219' title='bbox 150 2085 280 2119; x_wconf 83' lang='lat' dir='ltr'>obtusis</span> <span class='ocrx_word' id='word_1_220' title='bbox 304 2084 550 2128; x_wconf 77' lang='lat' dir='ltr'>inteyerrimis‚</span> <span class='ocrx_word' id='word_1_221' title='bbox 565 2085 697 2130; x_wconf 76' lang='lat' dir='ltr'>fructu</span> <span class='ocrx_word' id='word_1_222' title='bbox 722 2085 759 2118; x_wconf 80' lang='lat' dir='ltr'>in</span> <span class='ocrx_word' id='word_1_223' title='bbox 783 2085 921 2119; x_wconf 82' lang='lat' dir='ltr'>surculo</span> <span class='ocrx_word' id='word_1_224' title='bbox 941 2086 1092 2131; x_wconf 79' lang='lat' dir='ltr'>proprio</span> <span class='ocrx_word' id='word_1_225' title='bbox 1118 2086 1266 2120; x_wconf 81' lang='lat' dir='ltr'>breviori</span> <span class='ocrx_word' id='word_1_226' title='bbox 1292 2088 1484 2132; x_wconf 78' lang='lat' dir='ltr'>terminali,</span> <span class='ocrx_word' id='word_1_227' title='bbox 1509 2089 1680 2124; x_wconf 74' lang='lat' dir='ltr'>involucri</span> 
     </span>
     <span class='ocr_line' id='line_1_30' title="bbox 138 2143 1179 2191; baseline 0.003 -14"><span class='ocrx_word' id='word_1_228' title='bbox 138 2145 244 2190; x_wconf 83' lang='lat' dir='ltr'>foliis</span> <span class='ocrx_word' id='word_1_229' title='bbox 269 2143 515 2191; x_wconf 79' lang='lat' dir='ltr'>conformibus,</span> <span class='ocrx_word' id='word_1_230' title='bbox 538 2144 739 2190; x_wconf 66' lang='lat' dir='ltr'>pet-ianthio</span> <span class='ocrx_word' id='word_1_231' title='bbox 762 2144 1018 2191; x_wconf 74' lang='lat' dir='ltr'>subcylindrico</span> <span class='ocrx_word' id='word_1_232' title='bbox 1034 2145 1179 2191; x_wconf 77' lang='lat' dir='ltr'>plicato·</span> 
     </span>
    </p>

    <p class='ocr_par' dir='ltr' id='par_1_14' title="bbox 340 2216 1675 2264">
     <span class='ocr_line' id='line_1_31' title="bbox 340 2216 1675 2264; baseline 0.005 -17"><span class='ocrx_word' id='word_1_233' title='bbox 340 2217 610 2259; x_wconf 83' lang='lat' dir='ltr'>Jungermannia</span> <span class='ocrx_word' id='word_1_234' title='bbox 639 2216 802 2248; x_wconf 84' lang='lat' dir='ltr'>islandica</span> <span class='ocrx_word' id='word_1_235' title='bbox 831 2217 878 2250; x_wconf 93' lang='lat' dir='ltr'>N.</span> <span class='ocrx_word' id='word_1_236' title='bbox 905 2216 947 2250; x_wconf 83' lang='lat' dir='ltr'>ab</span> <span class='ocrx_word' id='word_1_237' title='bbox 974 2216 1021 2253; x_wconf 88' lang='grc' dir='ltr'>Ε.</span> <span class='ocrx_word' id='word_1_238' title='bbox 1051 2217 1143 2263; x_wconf 67' lang='lat' dir='ltr'>Hep.</span> <span class='ocrx_word' id='word_1_239' title='bbox 1173 2217 1266 2251; x_wconf 81' lang='lat' dir='ltr'>Eur.</span> <span class='ocrx_word' id='word_1_240' title='bbox 1295 2218 1346 2251; x_wconf 85' lang='lat' dir='ltr'>II.</span> <span class='ocrx_word' id='word_1_241' title='bbox 1368 2231 1406 2264; x_wconf 77' lang='lat' dir='ltr'>p.</span> <span class='ocrx_word' id='word_1_242' title='bbox 1432 2221 1491 2262; x_wconf 77' lang='lat'>29,</span> <span class='ocrx_word' id='word_1_243' title='bbox 1506 2222 1540 2254; x_wconf 84' lang='lat'>5.</span> <span class='ocrx_word' id='word_1_244' title='bbox 1567 2232 1602 2255; x_wconf 82' lang='lat' dir='ltr'>n.</span> <span class='ocrx_word' id='word_1_245' title='bbox 1617 2223 1675 2255; x_wconf 86' lang='lat'>48.</span> 
     </span>
    </p>
   </div>
   <div class='ocr_carea' id='block_1_13' title="bbox 337 2275 1421 2378">
    <p class='ocr_par' dir='ltr' id='par_1_15' title="bbox 337 2275 1421 2378">
     <span class='ocr_line' id='line_1_32' title="bbox 427 2275 1421 2323; baseline 0.003 -14"><span class='ocrx_word' id='word_1_246' title='bbox 427 2275 497 2309; x_wconf 89' lang='lat' dir='ltr'>IV.</span> <span class='ocrx_word' id='word_1_247' title='bbox 519 2287 558 2321; x_wconf 82' lang='lat' dir='ltr'>p.</span> <span class='ocrx_word' id='word_1_248' title='bbox 586 2275 739 2310; x_wconf 92' lang='lat' dir='ltr'>XLIII.</span> <span class='ocrx_word' id='word_1_249' title='bbox 765 2287 800 2308; x_wconf 84' lang='lat' dir='ltr'>n.</span> <span class='ocrx_word' id='word_1_250' title='bbox 826 2278 884 2310; x_wconf 62' lang='lat'>31».</span> <span class='ocrx_word' id='word_1_251' title='bbox 937 2276 1100 2310; x_wconf 74' lang='lat' dir='ltr'>Gottsche</span> <span class='ocrx_word' id='word_1_252' title='bbox 1126 2276 1179 2311; x_wconf 83' lang='lat' dir='ltr'>Ic.</span> <span class='ocrx_word' id='word_1_253' title='bbox 1209 2277 1302 2323; x_wconf 82' lang='lat' dir='ltr'>Hcp.</span> <span class='ocrx_word' id='word_1_254' title='bbox 1328 2279 1421 2312; x_wconf 80' lang='lat' dir='ltr'>ined.</span> 
     </span>
     <span class='ocr_line' id='line_1_33' title="bbox 337 2335 1420 2378; baseline 0.006 -12"><span class='ocrx_word' id='word_1_255' title='bbox 337 2336 609 2378; x_wconf 80' lang='lat' dir='ltr'>Jungermannia</span> <span class='ocrx_word' id='word_1_256' title='bbox 636 2335 814 2367; x_wconf 87' lang='lat' dir='ltr'>albescens</span> <span class='ocrx_word' id='word_1_257' title='bbox 842 2335 1012 2370; x_wconf 78' lang='lat' dir='ltr'>Liebman</span> <span class='ocrx_word' id='word_1_258' title='bbox 1038 2337 1074 2370; x_wconf 79' lang='lat' dir='ltr'>in</span> <span class='ocrx_word' id='word_1_259' title='bbox 1103 2336 1215 2370; x_wconf 85' lang='lat' dir='ltr'>Herb.</span> <span class='ocrx_word' id='word_1_260' title='bbox 1245 2337 1420 2372; x_wconf 73' lang='lat' dir='ltr'>Gotcsclze.</span> 
     </span>
    </p>
   </div>
   <div class='ocr_carea' id='block_1_14' title="bbox 148 2404 1671 2509">
    <p class='ocr_par' dir='ltr' id='par_1_16' title="bbox 148 2404 1671 2509">
     <span class='ocr_line' id='line_1_34' title="bbox 244 2404 1671 2455; baseline 0.004 -16"><span class='ocrx_word' id='word_1_261' title='bbox 244 2404 405 2439; x_wconf 83' lang='lat' dir='ltr'>Habitat</span> <span class='ocrx_word' id='word_1_262' title='bbox 438 2405 476 2440; x_wconf 91' lang='lat' dir='ltr'>in</span> <span class='ocrx_word' id='word_1_263' title='bbox 511 2405 680 2440; x_wconf 84' lang='lat' dir='ltr'>Islandia</span> <span class='ocrx_word' id='word_1_264' title='bbox 717 2405 925 2449; x_wconf 85' lang='lat' dir='ltr'>(Liebman</span> <span class='ocrx_word' id='word_1_265' title='bbox 961 2411 998 2442; x_wconf 89' lang='lat' dir='ltr'>et</span> <span class='ocrx_word' id='word_1_266' title='bbox 1032 2407 1184 2442; x_wconf 86' lang='lat' dir='ltr'>Moerck</span> <span class='ocrx_word' id='word_1_267' title='bbox 1221 2408 1257 2442; x_wconf 93' lang='lat' dir='ltr'>in</span> <span class='ocrx_word' id='word_1_268' title='bbox 1293 2408 1370 2447; x_wconf 75' lang='lat' dir='ltr'>Hb.</span> <span class='ocrx_word' id='word_1_269' title='bbox 1398 2410 1464 2451; x_wconf 93' lang='lat' dir='ltr'>G.,</span> <span class='ocrx_word' id='word_1_270' title='bbox 1494 2410 1565 2450; x_wconf 90' lang='lat' dir='ltr'>N.,</span> <span class='ocrx_word' id='word_1_271' title='bbox 1593 2411 1671 2455; x_wconf 61' lang='lat' dir='ltr'>Lg„</span> 
     </span>
     <span class='ocr_line' id='line_1_35' title="bbox 148 2464 442 2509; baseline 0.003 -11"><span class='ocrx_word' id='word_1_272' title='bbox 148 2465 201 2505; x_wconf 92' lang='lat' dir='ltr'>L.,</span> <span class='ocrx_word' id='word_1_273' title='bbox 228 2464 442 2509; x_wconf 84' lang='lat' dir='ltr'>Hornsch.).</span> 
     </span>
    </p>
   </div>
   <div class='ocr_carea' id='block_1_15' title="bbox 146 2536 1669 2641">
    <p class='ocr_par' dir='ltr' id='par_1_17' title="bbox 146 2536 1669 2641">
     <span class='ocr_line' id='line_1_36' title="bbox 242 2536 1667 2581; baseline 0.001 -11"><span class='ocrx_word' id='word_1_274' title='bbox 242 2536 478 2571; x_wconf 84' lang='lat' dir='ltr'>observante</span> <span class='ocrx_word' id='word_1_275' title='bbox 514 2536 717 2571; x_wconf 80' lang='lat' dir='ltr'>Gottscheo</span> <span class='ocrx_word' id='word_1_276' title='bbox 750 2539 877 2570; x_wconf 85' lang='lat' dir='ltr'>nostro</span> <span class='ocrx_word' id='word_1_277' title='bbox 909 2537 1000 2571; x_wconf 85' lang='lat' dir='ltr'>haec</span> <span class='ocrx_word' id='word_1_278' title='bbox 1031 2537 1176 2581; x_wconf 82' lang='lat' dir='ltr'>species</span> <span class='ocrx_word' id='word_1_279' title='bbox 1213 2538 1260 2572; x_wconf 81' lang='lat' dir='ltr'>ad</span> <span class='ocrx_word' id='word_1_280' title='bbox 1295 2537 1510 2581; x_wconf 84' lang='lat' dir='ltr'>bicuspides</span> <span class='ocrx_word' id='word_1_281' title='bbox 1542 2548 1667 2572; x_wconf 90' lang='lat' dir='ltr'>rever-</span> 
     </span>
     <span class='ocr_line' id='line_1_37' title="bbox 146 2595 1669 2641; baseline 0.001 -12"><span class='ocrx_word' id='word_1_282' title='bbox 146 2595 246 2637; x_wconf 79' lang='lat' dir='ltr'>titur,</span> <span class='ocrx_word' id='word_1_283' title='bbox 272 2595 414 2639; x_wconf 86' lang='lat' dir='ltr'>gaudet</span> <span class='ocrx_word' id='word_1_284' title='bbox 437 2595 536 2630; x_wconf 88' lang='lat' dir='ltr'>enim</span> <span class='ocrx_word' id='word_1_285' title='bbox 562 2595 712 2630; x_wconf 82' lang='lat' dir='ltr'>surculo</span> <span class='ocrx_word' id='word_1_286' title='bbox 738 2595 928 2631; x_wconf 82' lang='lat' dir='ltr'>fructifero</span> <span class='ocrx_word' id='word_1_287' title='bbox 954 2597 1104 2641; x_wconf 81' lang='lat' dir='ltr'>proprio</span> <span class='ocrx_word' id='word_1_288' title='bbox 1130 2598 1319 2632; x_wconf 78' lang='lat' dir='ltr'>sterilibus</span> <span class='ocrx_word' id='word_1_289' title='bbox 1340 2596 1508 2632; x_wconf 84' lang='lat' dir='ltr'>breviore</span> <span class='ocrx_word' id='word_1_290' title='bbox 1534 2604 1669 2631; x_wconf 86' lang='lat' dir='ltr'>erecto.</span> 
     </span>
    </p>
   </div>
   <div class='ocr_carea' id='block_1_16' title="bbox 142 2665 1669 2947">
    <p class='ocr_par' dir='ltr' id='par_1_18' title="bbox 142 2665 1669 2947">
     <span class='ocr_line' id='line_1_38' title="bbox 239 2665 1669 2713; baseline 0.001 -12"><span class='ocrx_word' id='word_1_291' title='bbox 239 2665 347 2701; x_wconf 80' lang='lat' dir='ltr'>Folia</span> <span class='ocrx_word' id='word_1_292' title='bbox 382 2666 501 2700; x_wconf 86' lang='lat' dir='ltr'>caulis</span> <span class='ocrx_word' id='word_1_293' title='bbox 536 2665 717 2700; x_wconf 84' lang='lat' dir='ltr'>fructiferi</span> <span class='ocrx_word' id='word_1_294' title='bbox 756 2665 866 2700; x_wconf 85' lang='lat' dir='ltr'>trium</span> <span class='ocrx_word' id='word_1_295' title='bbox 900 2666 1094 2703; x_wconf 87' lang='lat' dir='ltr'>ordinum:</span> <span class='ocrx_word' id='word_1_296' title='bbox 1145 2668 1322 2703; x_wconf 86' lang='lat' dir='ltr'>inferiora</span> <span class='ocrx_word' id='word_1_297' title='bbox 1364 2667 1516 2713; x_wconf 84' lang='lat' dir='ltr'>reliquis</span> <span class='ocrx_word' id='word_1_298' title='bbox 1555 2668 1669 2712; x_wconf 77' lang='lat' dir='ltr'>paulo</span> 
     </span>
     <span class='ocr_line' id='line_1_39' title="bbox 143 2725 1667 2772; baseline 0.001 -12"><span class='ocrx_word' id='word_1_299' title='bbox 143 2726 297 2767; x_wconf 81' lang='lat' dir='ltr'>minora,</span> <span class='ocrx_word' id='word_1_300' title='bbox 324 2730 363 2760; x_wconf 87' lang='lat' dir='ltr'>at</span> <span class='ocrx_word' id='word_1_301' title='bbox 388 2725 605 2766; x_wconf 82' lang='lat' dir='ltr'>conformia,</span> <span class='ocrx_word' id='word_1_302' title='bbox 633 2735 806 2769; x_wconf 86' lang='lat' dir='ltr'>suprema</span> <span class='ocrx_word' id='word_1_303' title='bbox 827 2725 941 2770; x_wconf 85' lang='lat' dir='ltr'>paulo</span> <span class='ocrx_word' id='word_1_304' title='bbox 968 2727 1122 2769; x_wconf 85' lang='lat' dir='ltr'>maiora,</span> <span class='ocrx_word' id='word_1_305' title='bbox 1149 2738 1304 2772; x_wconf 90' lang='lat' dir='ltr'>quorum</span> <span class='ocrx_word' id='word_1_306' title='bbox 1323 2728 1480 2762; x_wconf 84' lang='lat' dir='ltr'>aiterum</span> <span class='ocrx_word' id='word_1_307' title='bbox 1499 2726 1667 2771; x_wconf 90' lang='lat' dir='ltr'>bifidum,</span> 
     </span>
     <span class='ocr_line' id='line_1_40' title="bbox 144 2784 1666 2830; baseline 0.004 -14"><span class='ocrx_word' id='word_1_308' title='bbox 144 2784 302 2818; x_wconf 84' lang='lat' dir='ltr'>alterum</span> <span class='ocrx_word' id='word_1_309' title='bbox 336 2788 448 2830; x_wconf 83' lang='lat' dir='ltr'>atque</span> <span class='ocrx_word' id='word_1_310' title='bbox 486 2784 656 2820; x_wconf 80' lang='lat' dir='ltr'>intimum</span> <span class='ocrx_word' id='word_1_311' title='bbox 693 2784 878 2828; x_wconf 79' lang='lat' dir='ltr'>integrum</span> <span class='ocrx_word' id='word_1_312' title='bbox 919 2785 995 2820; x_wconf 84' lang='lat' dir='ltr'>sere</span> <span class='ocrx_word' id='word_1_313' title='bbox 1035 2786 1199 2820; x_wconf 84' lang='lat' dir='ltr'>alterove</span> <span class='ocrx_word' id='word_1_314' title='bbox 1237 2787 1353 2821; x_wconf 82' lang='lat' dir='ltr'>latere</span> <span class='ocrx_word' id='word_1_315' title='bbox 1390 2786 1666 2822; x_wconf 80' lang='lat' dir='ltr'>unidentatum.</span> 
     </span>
     <span class='ocr_line' id='line_1_41' title="bbox 142 2843 1666 2890; baseline 0.003 -14"><span class='ocrx_word' id='word_1_316' title='bbox 142 2843 422 2886; x_wconf 79' lang='lat' dir='ltr'>Amphigastria</span> <span class='ocrx_word' id='word_1_317' title='bbox 447 2854 561 2889; x_wconf 84' lang='lat' dir='ltr'>saepe</span> <span class='ocrx_word' id='word_1_318' title='bbox 594 2843 1026 2888; x_wconf 73' lang='lat' dir='ltr'>lanceolata-oblonga,</span> <span class='ocrx_word' id='word_1_319' title='bbox 1061 2845 1168 2890; x_wconf 86' lang='lat' dir='ltr'>apice</span> <span class='ocrx_word' id='word_1_320' title='bbox 1204 2846 1401 2889; x_wconf 68' lang='lat' dir='ltr'>subulam,</span> <span class='ocrx_word' id='word_1_321' title='bbox 1439 2847 1666 2882; x_wconf 85' lang='lat' dir='ltr'>involucralc</span> 
     </span>
     <span class='ocr_line' id='line_1_42' title="bbox 142 2902 1663 2947; baseline 0.003 -13"><span class='ocrx_word' id='word_1_322' title='bbox 142 2902 297 2936; x_wconf 84' lang='lat' dir='ltr'>interius</span> <span class='ocrx_word' id='word_1_323' title='bbox 332 2902 464 2946; x_wconf 83' lang='lat' dir='ltr'>latius,</span> <span class='ocrx_word' id='word_1_324' title='bbox 507 2903 563 2938; x_wconf 90' lang='lat' dir='ltr'>vel</span> <span class='ocrx_word' id='word_1_325' title='bbox 597 2903 802 2947; x_wconf 83' lang='lat' dir='ltr'>integrum,</span> <span class='ocrx_word' id='word_1_326' title='bbox 836 2903 892 2937; x_wconf 86' lang='lat' dir='ltr'>vel</span> <span class='ocrx_word' id='word_1_327' title='bbox 930 2903 1104 2947; x_wconf 82' lang='lat' dir='ltr'>bifidum,</span> <span class='ocrx_word' id='word_1_328' title='bbox 1141 2905 1198 2940; x_wconf 86' lang='lat' dir='ltr'>vei</span> <span class='ocrx_word' id='word_1_329' title='bbox 1235 2906 1365 2940; x_wconf 81' lang='lat' dir='ltr'>saltem</span> <span class='ocrx_word' id='word_1_330' title='bbox 1393 2906 1663 2942; x_wconf 81' lang='lat' dir='ltr'>unidentatum.</span> 
     </span>
    </p>
   </div>
   <div class='ocr_carea' id='block_1_17' title="bbox 140 2960 363 3005">
    <p class='ocr_par' dir='ltr' id='par_1_19' title="bbox 140 2960 363 3005">
     <span class='ocr_line' id='line_1_43' title="bbox 140 2960 363 3005; baseline 0.004 -11"><span class='ocrx_word' id='word_1_331' title='bbox 140 2960 363 3005; x_wconf 72' lang='lat' dir='ltr'>(Gottsehe.)</span> 
     </span>
    </p>
   </div>
  </div>
 </body>
</html>
