1824 3252
179 161 251 192 424
843 155 1047 190 Frullania.

179 270 320 305 marius
346 270 469 304 laxius
496 269 594 304 foliis
620 268 778 303 vestitus
806 268 978 312 saepius,
1018 279 1100 302 cum
1128 269 1280 312 plantae
1308 269 1492 314 cespitose
1518 274 1701 311 crescant,

180 331 412 371 destructus,
449 332 464 362 1
481 350 496 355 -
514 332 556 369 Ιὲ
583 328 668 371 poll.
696 328 846 371 longus,
880 327 1002 362 colore
1030 328 1217 370 brunnen,
1251 339 1382 363 versus
1409 328 1553 373 apicem
1582 339 1702 363 ramos

180 389 366 424 uberrime
401 387 668 421 fructificantes
701 386 949 420 fasciculatim
986 386 1133 420 emittit.
1200 387 1305 421 Folia
1349 393 1481 430 ovata,
1525 388 1703 428 decurva.

180 459 367 487 concava,
393 446 644 489 integerrima,
671 445 838 488 margine
864 445 1001 479 dorsali
1029 446 1146 479 libero
1173 446 1292 480 caulis
1318 448 1603 481 crassitudinem
1628 458 1703 482 non

179 508 239 542 vel
264 505 455 550 paulisper
480 509 624 538 tantum
653 509 853 548 superant3
892 505 1061 538 auricula
1095 505 1132 539 in
1166 502 1268 540 ramo
1295 506 1484 540 fructifero
1518 508 1703 541 interdum

179 567 228 600 ad
254 568 343 600 5-6
368 575 436 608 par
465 564 634 598 foliorum
662 565 879 607 explanata,
907 564 943 597 in
972 564 1069 598 foliis
1096 565 1255 598 caulinis
1281 565 1509 609 galeiformis
1536 565 1703 598 eiusdem

179 626 255 659 fere
283 623 491 657 altitudinis
521 634 564 656 ac
591 623 820 663 latitudinis,
849 624 987 658 orificio
1015 629 1165 668 aperto,
1204 626 1298 669 stylo
1324 626 1503 659 obsoleto.
1554 624 1705 670 Amphi-

175 684 312 727 9astria
339 688 471 723 ovata,
509 683 639 723 bifida,
673 682 860 716 interdum
889 683 1054 726 margine
1082 684 1225 717 laterali
1253 685 1362 718 dente
1389 696 1504 728 parvo
1532 685 1702 719 subinte—

179 741 359 784 gerrima,
407 741 525 775 caulis
573 742 650 776 fere
698 742 931 776 latitudinem
973 745 1175 787 aequantia
1221 745 1277 778 vel
1322 746 1432 788 paulo
1476 746 1704 789 superantia.

180 800 356 835 Maculae
385 800 473 834 retis
499 801 623 835 laxius
651 802 869 846 dispositae,
898 803 1140 838 maiusculae.
1194 804 1442 837 Periantlzium
1468 815 1702 848 compresso-

178 858 400 903 pyriforme,
438 861 578 894 ambitu
615 861 759 895 laterali
789 862 1013 906 repandum,
1050 862 1191 896 ventris
1224 863 1353 896 carina
1379 864 1514 897 obtusa
1546 868 1583 897 et
1617 864 1705 905 lata,

178 920 291 962 paulo
318 923 404 953 ante
432 920 577 963 apicem
604 921 718 963 gibbo
746 922 903 955 rotundo
931 922 1140 963 terminata,
1169 927 1343 963 ornatur;
1382 922 1481 956 basis
1508 922 1707 966 perianthii

180 978 450 1013 clavaeformis.
493 980 741 1014 Inveniuntur
769 981 866 1020 bina,
893 981 1077 1015 interdum
1105 982 1216 1015 etiam
1241 986 1344 1014 terna
1370 981 1521 1025 pistilla.
1564 981 1707 1015 Folium

181 1038 390 1073 involem-ale
430 1040 574 1080 maius,
628 1040 756 1074 lobulo
799 1032 1112 1074 (lorsali'maiore
1149 1041 1246 1073 ovali
1281 1040 1541 1084 integerrimo,
1580 1041 1707 1076 lobulo

182 1098 336 1133 ventrali
373 1097 504 1140 bifid0;
550 1100 686 1133 lacinia
722 1100 839 1133 maior
876 1099 1174 1142 linguaeformis,
1215 1099 1322 1143 apice
1359 1100 1612 1143 acutiuscula,
1648 1101 1705 1135 vel

179 1158 391 1199 rotundior,
425 1159 483 1192 vel
519 1159 734 1192 cucullatim
769 1160 931 1200 ressexa;
964 1159 1101 1193 lacinia
1129 1159 1247 1193 minor
1274 1159 1526 1200 dentiformis,
1561 1171 1581 1194 e
1609 1160 1707 1194 binis

180 1216 397 1250 cellularum
423 1217 590 1252 seriebus
609 1219 780 1259 conflata,
803 1219 939 1261 stylum
959 1219 1127 1253 foliorum
1146 1219 1249 1261 (xide
1263 1222 1395 1262 p.409.
1413 1219 1571 1264 Adnot.)
1598 1218 1705 1254 sistit.

181 1275 498 1320 Aniphigastrium
525 1278 754 1312 involucrale
782 1278 893 1322 paulo
920 1279 1051 1319 maius,
1082 1283 1244 1312 ceterum
1273 1279 1431 1312 caulinis
1459 1278 1658 1312 conforme.

524 1375 582 1406 27.
636 1374 925 1407 Frallamw
950 1373 1204 1407 saxatilis
1232 1373 1351 1415 Ldbg.

276 1431 343 1465 Fr.
379 1431 476 1465 caule
511 1439 643 1477 repente
678 1434 789 1477 riyido
820 1432 1066 1477 irreffldariter
1099 1434 1276 1478 pinnatim
1310 1444 1464 1473 ramoso,
1490 1432 1596 1477 foliis
1627 1431 1707 1466 sub-

180 1489 372 1524 imbrieatis
397 1491 506 1525 oratis
531 1493 704 1533 cleemvis,
740 1492 912 1526 auriculis
951 1491 1297 1536 cucullato-yaleatis
1329 1491 1421 1525 cauli
1446 1492 1708 1538 adproaez'matz‘s,

178 1550 440 1596 ampliiyastriis
469 1553 603 1595 nmquis
639 1550 902 1585 suborbienlatis
927 1552 974 1585 ad
1008 1553 1156 1585 medium
1197 1551 1315 1585 hilohz‘s
1352 1550 1434 1585 lohis
1471 1553 1580 1585 acutis
1613 1552 1709 1597 apice

178 1610 325 1654 infleris,
344 1610 544 1656 periantlzio
579 1611 645 1644 late
670 1611 809 1645 obovato
834 1612 932 1645 dorso
958 1623 1098 1644 comtes-0
1131 1618 1248 1644 ventre
1280 1610 1394 1644 obtuse
1427 1611 1584 1644 carinam
1619 1609 1709 1644 laevi

178 1670 335 1714 maryine
361 1669 581 1716 subrepamlo.

276 1727 437 1762 Habitat
487 1730 524 1763 in
566 1729 768 1763 Provincia
807 1729 1126 1763 Massaschusetts
1173 1727 1370 1762 Americae
1405 1727 1708 1772 septentrionalis

178 1789 272 1832 (Asa
300 1789 414 1832 Gray,
439 1788 517 1822 Hb.
544 1789 585 1822 L.
615 1800 650 1822 n.
676 1791 726 1832 9).

274 1847 453 1881 Incolumi
479 1847 567 1882 folia
601 1848 733 1890 bifida,
784 1847 922 1882 lacinia
958 1847 1100 1881 minore
1126 1851 1238 1881 acuta
1264 1847 1514 1881 canaliculata
1540 1846 1709 1890 margine

180 1904 319 1940 lacinia
345 1906 476 1941 minori
511 1907 722 1940 deutisormi
751 1912 882 1948 aucta3
922 1907 1228 1951 amphigastrium
1264 1907 1481 1951 bipartitum
1514 1906 1707 1950 plicatum,

180 1965 328 1999 laciniis
364 1965 588 2000 acuminatis
625 1966 791 2009 margine
826 1966 1072 1999 subdentatis.
1125 1967 1291 2009 capsula
1325 1966 1498 2010 globosa;
1536 1964 1709 1998 valvulae

180 2024 255 2058 late
280 2027 428 2065 ovatae,
455 2029 602 2058 erectae
627 2025 685 2059 vel
714 2025 820 2068 apice
846 2025 1019 2065 inflexae,
1047 2025 1464 2068 hyalino-lutescentes.

279 2083 415 2118 Differt
442 2095 463 2117 a
489 2084 681 2119 Frzdlania
707 2084 938 2117 Ebot-acensi:
978 2084 1084 2117 caule
1120 2084 1239 2127 rigido
1277 2084 1398 2118 minus
1433 2093 1579 2116 ramoso
1613 2082 1705 2116 sub-

180 2143 359 2187 pinnato,
399 2143 497 2178 foliis
530 2143 649 2187 magis
686 2144 861 2178 confertis
903 2148 940 2177 et
977 2143 1152 2177 decurvis
1185 2142 1292 2187 apice
1327 2142 1450 2176 minus
1485 2140 1707 2183 rotundatis,

181 2203 401 2247 praesertim
440 2213 529 2237 vero
578 2202 854 2247 amphigastriis
898 2203 1014 2236 multo
1057 2202 1264 2236 maioribus
1312 2201 1520 2236 rotundatis
1563 2199 1710 2235 laciniis

180 2261 331 2296 inflexis
358 2273 426 2296 nec
452 2261 579 2306 parvis
605 2262 738 2296 ovatis.
789 2261 1047 2295 Perianthium
1074 2266 1130 2295 est
1157 2262 1319 2296 brevius.

523 2359 582 2390 28.
632 2356 921 2391 Brullavnia
945 2357 1147 2400 inflata
1173 2356 1372 2391 Gottsche.

277 2425 346 2460 Fr.
383 2426 478 2461 caule
508 2433 646 2473 repente
681 2428 870 2461 dichotomo
900 2440 1044 2474 vayeque
1076 2440 1230 2470 ramoso,
1264 2427 1370 2473 foliis
1408 2425 1600 2460 imbricatis
1628 2423 1706 2459 sub-

182 2485 337 2519 rothdis
371 2487 653 2528 emzveaeiusculis,
688 2486 846 2521 auricula
880 2487 1223 2532 cucullato-yaleata
1255 2485 1447 2521 maiuscula
1477 2497 1497 2518 a
1524 2483 1619 2518 caule
1651 2483 1706 2517 di-

180 2550 313 2586 stante,
348 2545 608 2591 anwhiyastvdis
632 2546 754 2592 parvis
784 2547 893 2580 ovatis
926 2547 973 2580 ad
1003 2547 1153 2581 medium
1184 2546 1320 2589 bifidis,
1348 2542 1546 2590 perviantlcio
1571 2541 1708 2576 obtrvato

181 2603 303 2649 inflato
327 2604 425 2638 dorso
449 2605 548 2648 uni-‚
573 2611 689 2639 ventre
713 2604 914 2640 biom-inam.

280 2662 441 2697 Habitat
466 2664 504 2698 in
533 2664 704 2699 America
731 2664 1014 2709 septentrionali
1043 2664 1090 2698 ad
1118 2663 1304 2698 Whastite
1331 2662 1415 2696 Red
1444 2663 1560 2697 River
1584 2662 1704 2707 (Bey-

184 2720 274 2764 rich,
302 2722 380 2757 Hb.
408 2722 486 2767 Hp.
514 2728 551 2758 et
577 2724 620 2759 L.
646 2735 682 2758 n.
713 2727 777 2758 167
805 2725 875 2759 sub
902 2724 1050 2759 nomine
1076 2723 1284 2758 Fmdlaniae
1308 2722 1504 2767 dilatatae).

279 2780 469 2816 Foliorum
495 2782 780 2818 involucralium
806 2783 943 2818 lacinia
969 2782 1088 2817 maior
1112 2783 1260 2824 obtusa,
1286 2782 1464 2816 ventralis
1487 2792 1605 2827 aeque
1630 2781 1707 2816 fere

182 2837 294 2882 longa
320 2840 548 2885 lanceolata,
580 2842 821 2887 integerrima
854 2843 914 2878 vel
945 2842 1083 2876 lacinia
1115 2841 1327 2876 dentiformi
1355 2841 1554 2876 introrsum
1581 2842 1707 2882 aucta,

184 2898 491 2942 amphigastrium
518 2901 737 2946 bipartitum
764 2902 1126 2946 subintegerrimum.
1170 2900 1429 2936 Perianthium
1454 2899 1582 2935 iunius
1601 2909 1703 2934 mar-
