1824 3252
173 207 244 238 554
846 202 1022 237 Duvalia.

175 319 367 363 (Braun);
394 317 493 351 circa
523 315 782 358 Salisburgum
810 314 847 348 in
881 315 996 350 muris
1025 316 1215 360 (Funck);
1254 316 1289 351 in
1317 318 1399 362 alpe
1428 319 1573 353 Gemmi
1602 320 1695 353 Hel-

173 377 316 418 vetiae,
361 387 492 410 versus
526 374 764 417 Kandcrsteg
806 374 1083 418 (Miihlenbeck
1120 376 1157 410 in
1190 377 1266 412 Hb.
1295 377 1385 422 N.);
1435 377 1472 411 in
1506 379 1615 413 Italia
1652 379 1698 413 ad

172 447 301 481 rupem
328 445 443 480 prope
469 433 674 468 Taurinum
702 433 791 478 legit
819 434 950 468 Balbis
980 435 1045 479 (de
1073 434 1259 479 Notaris).

553 542 589 572 2.
640 538 881 574 Davana
906 541 1097 574 tenera
1127 538 1318 573 Gottsche.

267 610 317 644 D.
352 609 565 658 receptaculo
586 610 743 655 femineo
776 622 901 655 ‘maqno
929 610 1219 656 plano-com·e;ro
1252 612 1408 655 maoyine
1432 612 1699 648 ›annbranaceo-

170 676 307 704 cremato
338 669 460 705 subtus
496 669 610 712 mulo,
643 669 777 714 fronde
808 669 1066 704 membranacea
1098 669 1282 703 obcordata
1320 670 1497 705 eremclata
1523 672 1697 707 venuloso-

170 730 344 764 lacunosa.

362 791 506 822 Duvalia
534 799 648 822 tenera
677 788 837 822 6'0ttsehe
862 788 960 824 Ieon.
988 788 1120 835 Hepat.
1149 789 1269 823 incdit.

360 849 572 881 Marcbautia
601 838 716 880 tenera
744 848 897 881 Iloolcer.
925 848 1062 882 sztle.
1089 848 1234 895 Synops.
1254 848 1371 895 plant.
1399 849 1429 883 I.
1448 854 1557 896 past).
1610 853 1653 886 L.
1669 860 1699 886 vt

448 907 516 952 Ly.
544 907 580 940 in
607 906 725 940 Leltm.
755 906 849 955 chy.
870 907 923 954 pl.
953 908 1022 942 IV.
1050 907 1194 954 (1832.)
1215 921 1252 954 p.
1279 912 1338 943 30.

264 978 410 1013 Crescit
434 990 550 1023 prope
577 978 667 1013 Ario
695 979 985 1013 Mexicanorum
1013 979 1368 1022 (A.deHumboldt,
1397 980 1473 1014 Hb.
1498 980 1589 1015 L.et
1601 982 1698 1026 Lg.)

263 1039 420 1073 Frondes
446 1037 702 1083 caespitosae,
730 1037 1068 1078 tri-sexlineares‚
1094 1039 1344 1080 obcordatae,
1377 1040 1699 1083 membranaceae,

171 1102 345 1138 tenerae,
383 1097 525 1139 subtus⁷
552 1097 676 1147 medio
712 1098 921 1141 paullulum
948 1097 1182 1132 incrassatae
1216 1102 1252 1132 et
1278 1098 1456 1133 radiculis
1482 1099 1700 1142 instructae,

169 1168 435 1202 esquamosae,
473 1157 636 1198 virides,
672 1157 826 1191 striatae
861 1156 919 1190 vel
953 1157 1157 1191 venulosae
1185 1158 1461 1203 lacunosaeque
1489 1160 1637 1203 (quales
1663 1161 1699 1195 in

169 1216 324 1249 Davana
358 1217 553 1263 ruperti-i),
600 1216 768 1259 margine
806 1216 1034 1250 crenulatae.
1104 1217 1374 1263 Receptaculum
1400 1218 1597 1263 femineum
1635 1232 1700 1264 pro

168 1276 297 1319 planta
326 1286 517 1320 magnum,
544 1275 821 1317 subcirculare,
847 1275 971 1309 medio
998 1287 1231 1319 convexum,
1258 1278 1476 1320 rugulosum
1502 1283 1539 1313 et
1565 1280 1701 1314 tuber—

170 1336 341 1369 culosum
369 1334 598 1380 (mammillis
627 1345 726 1379 aqua
752 1345 827 1368 non
863 1335 1180 1382 resurgentibus),
1215 1337 1384 1380 margine
1418 1338 1559 1373 fructus
1591 1339 1700 1383 longe

167 1395 376 1429 excedente
402 1396 581 1439 planum,
609 1394 736 1437 laeve,
765 1393 1019 1436 irregulariter
1046 1394 1429 1437 lobato-crenatum‚
1463 1396 1630 1432 eiusdem
1656 1410 1699 1431 ae

167 1453 274 1488 frons
302 1454 436 1488 coloris
464 1459 501 1488 et
524 1458 710 1487 texturae.
763 1453 843 1487 Sub
871 1456 1111 1498 receptaculo
1137 1454 1260 1488 medio
1286 1454 1429 1488 fructus
1455 1456 1594 1490 adsunt
1615 1460 1700 1492 3-5

168 1513 204 1547 in
237 1512 342 1547 vario
369 1513 595 1548 maturitatis
624 1513 757 1557 gradu.
810 1512 1036 1547 luculum-um
1071 1514 1147 1556 (vel
1186 1513 1335 1555 loculus,
1371 1514 1433 1559 qui
1470 1516 1695 1559 receptaculi

166 1573 376 1608 substantia
404 1572 553 1607 formari
575 1572 757 1618 videtur),
785 1573 1041 1616 irregulariter
1069 1584 1089 1607 a
1115 1578 1245 1607 centro
1272 1573 1318 1607 ad
1346 1574 1593 1617 peripheriam
1618 1575 1694 1609 dis-

166 1643 356 1677 rumpens,
392 1632 604 1667 unissorum.
666 1632 837 1679 Calyptra
869 1643 1028 1676 magna,
1067 1633 1244 1676 capsulae
1279 1637 1316 1666 et
1349 1632 1531 1667 involucri
1563 1633 1696 1677 parieti

168 1696 270 1726 arcte
305 1692 530 1733 adhaerens,
564 1692 787 1734 tenerrima3
833 1691 973 1738 capsula
1007 1702 1168 1735 magna,
1203 1692 1366 1726 loculum
1403 1696 1514 1727 antea
1548 1693 1698 1727 omnino

167 1751 336 1786 clausum
365 1752 625 1796 disrumpens,
661 1751 699 1785 in
726 1752 921 1786 involucro
949 1762 1096 1796 semper
1121 1751 1262 1792 latens,
1297 1752 1421 1786 colore
1447 1752 1548 1786 luteo
1574 1757 1697 1787 autern

168 1809 315 1854 (sporis
366 1811 645 1856 elateribusque
696 1821 795 1856 aqua
846 1800 983 1854 elusis)
1037 1810 1146 1845 facile
1196 1811 1471 1854 cognoscenda.
1533 1812 1698 1856 Capsula

168 1869 312 1904 cellulis
345 1870 490 1904 cubicis
526 1874 563 1904 et
606 1870 816 1914 hexagonis
860 1870 1096 1915 componitur
1131 1870 1408 1913 flavo-fuscis,
1451 1870 1563 1905 nullis
1596 1871 1698 1905 fibris

166 1927 414 1963 circularibus
453 1929 511 1963 vel
550 1929 893 1964 semicircularibus
934 1930 1107 1975 depictis.
1167 1930 1390 1966 Pedumulus
1419 1931 1597 1974 capsulae
1624 1930 1694 1963 mi-

167 1985 312 2028 nimus,
366 1988 549 2021 tenaciter
593 1988 704 2022 loculi
748 1989 887 2031 angulo
932 1988 1081 2022 interno
1124 1989 1283 2022 adfixus.
1352 1989 1484 2035 Sporae
1523 1999 1695 2032 magnae,

165 2044 630 2088 sphaerico-tetra'edrae,
659 2046 892 2088 reticulatae,
919 2046 1125 2087 brunneae,
1161 2046 1329 2090 margine
1356 2046 1506 2091 hyalino
1531 2048 1691 2082 circum-

166 2104 289 2138 datae.
330 2105 488 2140 Elateres
512 2105 626 2148 longi,
654 2105 880 2146 tenuissimi,
905 2105 1052 2149 bispiri,
1079 2106 1300 2150 serpentini,
1330 2106 1435 2140 fusci.
1473 2102 1697 2141 Peduuculus

167 2165 374 2209 receptaculi
399 2165 497 2199 inter
524 2165 670 2199 fructus
697 2165 838 2199 loculos
864 2165 934 2199 sub
961 2166 1201 2208 receptaculo
1228 2165 1363 2205 nudus,
1389 2177 1551 2210 superne
1576 2168 1692 2201 ssave-

166 2232 288 2265 scens,
316 2223 399 2258 basi
425 2224 702 2265 fusco—ruber,
731 2223 869 2265 brevis,
897 2224 1112 2267 angulatus,
1140 2224 1223 2258 sinu
1253 2225 1394 2259 frondis
1420 2224 1601 2265 insidens,
1629 2228 1693 2259 sed

165 2280 261 2314 iuter
288 2286 486 2328 utramque
513 2283 748 2328 superficiem
775 2294 969 2327 emergens
997 2288 1038 2317 ut
1063 2283 1207 2318 inferne
1235 2284 1366 2318 fronde
1393 2284 1502 2329 quasi
1535 2288 1693 2328 tegatur,

166 2351 329 2384 superne
368 2348 492 2378 autem
527 2342 670 2377 frondis
703 2343 899 2387 superficie
938 2343 1045 2388 quasi
1073 2343 1174 2378 circa
1207 2354 1291 2378 eum
1330 2343 1496 2378 abscissa
1531 2343 1692 2378 circum-

167 2401 336 2436 valletur.

260 2473 369 2507 Obs.
424 2474 518 2507 Cum
554 2478 656 2508 certa
694 2474 802 2508 sedes
838 2473 926 2508 huic
961 2473 1115 2518 plantae
1151 2472 1317 2508 nondum
1358 2470 1547 2515 adscripta
1582 2476 1691 2512 esset.

165 2531 284 2567 fusius
310 2532 659 2574 fructificationem,
686 2533 838 2568 omnino
865 2533 1044 2567 Duvaliae
1069 2533 1227 2579 rupestri
1252 2541 1478 2575 congruam,
1510 2531 1579 2565 hoc
1611 2531 1691 2565 loco

165 2593 294 2634 attuli,
320 2594 444 2635 unde,
482 2593 514 2627 si
549 2592 690 2627 frondis
718 2593 972 2627 characterem
1001 2593 1110 2627 simul
1138 2592 1262 2626 animo
1289 2590 1551 2635 perpenderis,
1586 2591 1691 2624 Illar-

162 2651 340 2687 elaeantiam
365 2660 519 2687 teneram
535 2651 740 2687 Auctorum
760 2652 806 2685 ad
817 2651 993 2686 Dat-aliae
1016 2662 1136 2695 genus
1162 2661 1245 2685 esse
1269 2650 1500 2683 referendam
1528 2649 1690 2693 colliges.

166 2710 300 2744 Diss'ert
337 2721 358 2744 a
391 2711 551 2745 Dur-alia
583 2712 756 2757 νηρεετνί,
791 2712 914 2756 quoad
951 2708 1247 2746 fructificationis
1281 2719 1495 2753 processum
1530 2709 1691 2743 nondum

164 2769 233 2804 rite
259 2770 420 2814 cognita,
448 2770 685 2814 receptaculo
712 2771 843 2804 maiori
872 2771 1209 2814 plano-convexo,
1238 2780 1259 2802 a
1286 2768 1444 2803 Dru-alia
1468 2768 1690 2814 brevipedun-

162 2828 301 2870 culam,
350 2829 458 2864 cuius
503 2830 780 2874 receptaculum
817 2830 1037 2865 femininum
1077 2830 1245 2873 (nostrae
1282 2829 1433 2863 omnino
1470 2830 1688 2872 congruum)

163 2888 379 2924 amicissimi
409 2889 629 2934 Montagnei
657 2889 921 2925 benevolentia
948 2890 1042 2932 vidi,
1077 2889 1242 2935 squamis
1269 2889 1472 2924 costalibus
1497 2888 1561 2933 (an
1589 2899 1687 2922 sein-

163 2948 275 2992 per2)
307 2944 577 2984 deficientibus.
628 2949 854 2994 (Gottsche.)
