1824 3252
152 207 226 241 662
821 200 1026 244 Scapania.

152 317 375 358 imbricata,
402 315 527 350 omnia
556 314 776 359 plerumque
802 313 937 348 obtuse
964 314 1327 359 brevi-apiculam,
1358 319 1485 349 tamen
1508 314 1695 350 interdum

155 378 322 413 rotunda
350 377 406 410 vel
435 375 547 408 etiam
576 373 712 407 leniter
738 374 998 417 emarginata;
1025 374 1125 420 folia
1150 374 1383 412 incolum-alia
1415 373 1576 408 caulinis
1601 385 1692 408 cou-

152 437 286 473 formia
314 435 381 469 sed
406 434 526 478 magis
552 433 737 478 patentia.
783 434 1038 469 Periuntlzium
1065 434 1129 469 vix
1156 439 1397 477 truncatum;
1424 445 1554 478 margo
1579 445 1693 479 supe-

154 498 230 533 rior
265 495 415 530 brevior
452 499 491 528 et
528 494 647 536 magis
683 493 857 538 plicatus.
917 494 950 529 A
977 495 1035 529 Se.
1062 495 1201 540 irriyua
1230 495 1354 529 differt
1388 494 1495 529 caule
1522 493 1697 538 breviori,

153 556 252 592 soliis
285 554 538 598 integerrimis
576 559 613 589 et
656 554 859 598 perianthii
900 565 964 590 ore
999 555 1130 591 latiore
1167 555 1308 600 plicato
1343 554 1407 589 sed
1445 553 1696 598 integerrimo.

153 616 306 660 (Taylor
334 615 356 651 Ι.
383 616 438 659 c.)

153 709 191 742 p.
218 700 279 733 67.
453 701 475 733 8
496 697 533 732 d.
577 696 857 744 Seapcmn‘a
881 698 1127 733 minabosa
1152 697 1290 741 Taylor
1318 696 1392 731 Ms.

251 769 311 804 Sc.
348 769 448 804 caule
478 771 699 804 adscendente
728 783 836 817 parce
860 783 1013 811 ramoso,
1029 770 1136 815 foliis
1163 769 1355 804 imbricatis
1379 768 1698 814 efflato-dentatis,

155 828 267 863 lobulo
291 829 423 863 clm-sali
447 828 581 876 oblique
606 837 707 864 ovato
732 841 873 864 convexo
905 837 1017 864 erecto
1028 829 1172 877 -patulo
1204 829 1316 864 caulis
1351 830 1573 865 latitudinem
1605 845 1697 867 exce-

153 889 253 922 dente
288 889 582 925 ciliaco—dentato
629 903 705 924 eum
742 891 853 938 Iohgclo
888 890 1041 924 ventrali
1081 890 1363 936 oblonyo-ovato
1395 903 1538 927 com-esto
1557 899 1701 939 patente

154 948 264 984 caulis
290 949 513 984 latitudinem
541 963 646 997 aeque
670 953 849 985 excedente
874 952 995 985 carina
1022 952 1167 985 minima
1195 951 1385 985 coniuncto.

348 1012 519 1054 Scapania
547 1014 706 1044 nimbosa
744 1011 878 1059 Ταμὼν
911 1013 949 1046 in
982 1012 1131 1054 schedis,
1167 1011 1289 1046 Lelim.
1322 1023 1408 1058 puy.
1443 1010 1557 1058 plant.
1584 1011 1698 1046 VIII.

434 1070 562 1115 (1844)
585 1083 622 1117 p.
651 1075 686 1106 6.

349 1132 621 1173 Jungermauuia
650 1132 810 1164 nimbosa
841 1130 973 1177 Taylor
1000 1130 1082 1164 olim
1108 1132 1145 1164 ιἰι
1172 1130 1294 1165 literis.

256 1189 416 1224 Habitat
443 1190 478 1224 in
506 1191 684 1224 comitatu
715 1191 833 1234 Kerry
856 1190 1069 1224 Hiberniae
1097 1191 1133 1224 in
1162 1194 1288 1224 monte
1318 1189 1511 1232 Braudon,
1539 1189 1601 1223 ubi
1630 1190 1700 1225 cel.

155 1249 292 1293 Taylor
314 1250 457 1293 primus
477 1252 573 1285 hanc
596 1251 825 1295 Scapaniam
858 1254 948 1285 1813
978 1251 1078 1294 legit,
1106 1261 1203 1296 quae
1232 1250 1314 1284 iura
1343 1249 1481 1294 speciei
1510 1249 1699 1293 legitimae

155 1312 245 1343 tunc
274 1312 453 1354 temporis
481 1311 553 1345 sibi
582 1311 773 1345 vindicare
802 1322 874 1345 non
904 1313 1038 1354 potuit.
1092 1310 1240 1344 Stcrilis
1268 1320 1415 1354 semper
1440 1315 1496 1344 est
1515 1316 1675 1354 reperta.

254 1369 376 1404 Caulis
416 1371 754 1416 sesquipollicaris‚
804 1371 1027 1404 subm-ectus
1064 1371 1326 1411 ssexuosusve,
1367 1380 1480 1414 parce
1516 1380 1699 1413 ramosus,

156 1427 419 1464 innovationes
457 1441 476 1464 e
515 1432 674 1465 ventrali
713 1430 808 1465 facie
845 1431 1040 1471 emittens,
1086 1430 1342 1463 radicularum
1380 1441 1531 1474 expers,
1593 1429 1699 1464 Folia

154 1486 355 1522 imbricata
391 1490 562 1535 utrisque
591 1491 648 1526 vel
677 1502 752 1525 uno
781 1495 923 1524 tantum
955 1490 1105 1530 lobulo‚
1140 1489 1277 1524 lobulis
1313 1490 1547 1524 ventratibus
1581 1491 1695 1524 semi-

155 1548 401 1584 verticalibus
437 1552 676 1594 patentibus;
725 1550 840 1586 lobuli
881 1550 927 1584 ad
969 1550 1077 1584 basin
1116 1550 1191 1583 sere
1233 1549 1366 1591 soluti,
1415 1555 1491 1584 toto
1529 1550 1697 1593 margine

155 1607 494 1652 citiam-dentati,
536 1612 612 1646 sere
649 1613 848 1657 aequales,
882 1611 982 1655 quod
1020 1615 1145 1644 tamen
1181 1621 1253 1644 non
1288 1609 1417 1643 statim
1454 1610 1521 1644 sed
1550 1610 1647 1644 soliis
1676 1621 1698 1644 a

155 1668 263 1702 caule
291 1668 440 1704 demum
469 1671 601 1705 solutis
630 1677 800 1716 apparet,
829 1682 913 1705 cum
941 1671 1120 1705 ventralis
1149 1670 1255 1714 apice
1282 1681 1350 1704 suo
1377 1670 1562 1704 dorsalem
1589 1669 1698 1713 longe

154 1728 343 1763 excedere
370 1729 556 1772 videatur,
584 1731 650 1765 sed
679 1731 839 1766 dorsalis
866 1743 910 1765 eo
937 1731 1050 1765 latius
1078 1730 1223 1764 caulem
1251 1730 1368 1765 altero
1397 1731 1512 1764 lutere
1538 1730 1702 1764 excedit-

156 1785 285 1822 Lobus
313 1789 474 1824 dorsalis
508 1792 660 1836 oblique
694 1798 850 1833 ovatus,
886 1802 1069 1834 magnus,
1106 1790 1276 1834 margine
1311 1801 1448 1835 supero
1483 1790 1634 1835 (libero)
1667 1794 1705 1825 et

157 1845 278 1882 int'ero
313 1849 389 1884 fere
425 1851 636 1894 parallelis,
675 1862 890 1893 convexus,
923 1850 1274 1894 erecto-patulus,
1314 1851 1351 1884 in
1389 1850 1577 1885 nonnullis
1605 1850 1703 1885 foliis

156 1907 322 1950 paginae
351 1910 425 1944 lobi
456 1911 637 1945 ventralis
666 1912 803 1955 angulo
833 1911 1053 1945 acutissimo
1073 1911 1182 1944 iuxta
1211 1911 1416 1954 marginem
1445 1915 1628 1952 accretas,
1663 1913 1705 1945 ut

157 1965 326 2000 carinam
355 1967 430 2001 sere
458 1970 589 2004 videas
617 1971 776 2011 alatam,
821 1977 862 2005 ut
888 1971 925 2004 in
955 1970 1133 2017 Scapania
1160 1969 1331 2015 uli-qinom
1360 1971 1435 2005 Sw.
1465 1970 1625 2012 accidit;
1664 1969 1701 2004 in

157 2025 242 2060 aliis
269 2027 397 2061 carina
426 2028 591 2071 minuta,
627 2030 848 2074 vigesimam
878 2031 1001 2064 lineae
1028 2035 1173 2075 partem
1202 2031 1338 2075 longa,
1372 2042 1393 2064 e
1427 2029 1505 2064 solii
1540 2029 1698 2073 compli-

158 2086 308 2120 catione
334 2088 529 2130 formatur,
557 2100 631 2134 qua
660 2100 748 2123 arcu
777 2101 893 2134 parvo
922 2091 1052 2125 folium
1079 2091 1126 2124 ad
1146 2091 1291 2124 caulem
1313 2089 1521 2124 descendit.
1573 2089 1701 2124 Lobus

158 2147 338 2182 ventralis
376 2149 503 2193 paullo
539 2149 681 2190 maior,
723 2150 1087 2195 oblongo—ovatus,
1124 2156 1272 2185 erectus
1300 2151 1357 2185 vel
1384 2149 1558 2195 patulus,
1593 2148 1701 2193 apice

157 2206 377 2241 rotundiore
403 2209 462 2243 vel
490 2209 722 2252 lanceolato,
758 2211 878 2245 caulis
905 2211 1141 2245 latitudinem
1169 2221 1319 2256 quoque
1344 2209 1471 2255 paullo
1498 2209 1701 2254 excedens,

158 2268 200 2299 ut
225 2265 313 2300 solia
341 2269 490 2303 caulem
525 2269 679 2304 omnino
713 2271 1017 2315 amplectantur,
1055 2271 1266 2305 secundum
1301 2269 1572 2315 longitudinem
1604 2282 1700 2306 con-

157 2336 278 2360 vexus
312 2334 353 2361 ut
387 2339 409 2363 a
445 2334 576 2364 ventre
610 2330 713 2364 visus
751 2331 1028 2365 canaliculatus
1064 2335 1248 2376 appareat
1283 2334 1321 2365 et
1357 2341 1442 2364 cum
1478 2330 1575 2366 foliis
1601 2331 1700 2366 alte-

158 2385 234 2420 rius
269 2387 399 2422 lateris
429 2389 664 2424 imbricatus.
726 2388 927 2424 Radiculae
955 2390 1097 2426 nullae.
1154 2391 1323 2425 Textura
1356 2390 1502 2434 spissa;
1541 2391 1699 2426 cellulae

156 2446 338 2489 minutae,
367 2448 851 2493 rotundo-sexangulares,
879 2450 1082 2493 adspectus
1110 2450 1342 2489 reticulatis,
1369 2457 1522 2494 propter
1547 2451 1698 2486 chloro-

157 2507 272 2551 phylli
301 2509 525 2553 corpuscula
555 2514 680 2544 autem
716 2510 806 2545 folia
843 2509 969 2543 minus
997 2510 1198 2554 pellucida.
1252 2510 1365 2544 Color
1399 2518 1448 2542 ex
1485 2508 1698 2553 ferrugineo

158 2565 308 2607 badius,
335 2567 401 2600 sed
429 2579 562 2602 versus
583 2569 729 2612 apicem
751 2569 916 2603 tinctura
938 2580 1044 2603 rosea
1066 2568 1291 2603 nitidissima
1309 2566 1540 2610 intermixta;
1566 2578 1697 2604 versus

158 2626 268 2661 basin
287 2627 574 2663 innovationum
601 2630 687 2664 folia
719 2629 896 2664 nonnulla
924 2629 1068 2663 minora
1095 2634 1132 2663 et
1157 2627 1278 2672 magis
1304 2626 1506 2672 pellucida,
1531 2628 1696 2673 hyalina‚

159 2684 208 2718 ad
237 2686 344 2721 basin
371 2698 479 2722 roseo
505 2689 629 2723 colore
656 2689 772 2724 tincta
801 2688 1053 2723 inveniuntur.

161 2788 198 2821 p.
226 2782 286 2813 72.
390 2783 433 2815 19
451 2781 486 2815 b.
527 2780 804 2825 §capania
829 2784 1165 2819 chloroleuca
1190 2782 1296 2827 Tayl.
1320 2786 1358 2817 et
1376 2782 1596 2826 Hook.juu.

256 2849 315 2884 Sc.
353 2852 449 2886 caule
482 2851 559 2886 laxe
598 2854 784 2899 caespitoso
827 2860 934 2888 erecto
972 2855 1188 2895 subi-amosa,
1226 2853 1335 2899 soliis
1378 2852 1695 2900 subadproximatl's

159 2915 268 2944 erecto
278 2911 500 2956 -patentibus
535 2925 552 2946 e
585 2911 661 2946 basi
696 2914 830 2947 tumida
873 2913 1090 2960 amplexante
1128 2914 1239 2949 ovatis
1271 2913 1469 2961 bipartitis,
1511 2912 1693 2957 seymentis

159 2967 327 3013 liyulacis,
352 2983 484 3006 summo
508 2972 605 3019 apice
629 2971 763 3017 bffidis,
788 2972 930 3008 eiliatis.
