1824 3252
123 144 194 175 014
741 139 1042 182 Plagiochasma.

224 255 380 288 Frondes
416 253 451 287 in
484 252 689 296 caespitem
729 252 1147 297 viridi-purpureoque
1182 253 1414 296 variegatum
1446 257 1658 296 congestae,

127 314 338 359 simplices,
365 312 598 347 obcordato-
615 315 821 351 cuneatae,
855 311 953 345 duas
988 311 1107 346 lineas
1134 312 1268 355 longae
1295 318 1333 346 et
1358 313 1501 357 apicem
1529 324 1660 347 versus

128 375 347 420 ampliatum
395 370 748 415 emarginatumque
792 370 951 403 eandem
998 370 1284 414 amplitudinem
1331 372 1548 413 metientes,
1584 372 1660 406 fere

127 435 269 470 scilicet
297 430 539 470 orbiculares,
566 433 731 471 tenerae,
759 429 1082 470 membranaceae,
1118 429 1242 464 medio
1268 430 1401 465 subtus
1430 431 1661 465 incrassatae

127 498 164 528 et
189 491 240 526 ibi
270 489 457 523 radiculas
495 499 718 523 numerosas
757 499 842 522 cum
877 489 1045 533 squamis
1080 489 1220 522 mixtas
1248 490 1478 524 tenuissimis
1505 492 1656 525 lanceo-

128 552 213 586 latis
250 547 574 592 atro-purpureis
616 552 676 581 sat
714 547 890 582 brevibus
929 559 998 582 nec
1036 549 1081 582 ad
1120 548 1309 592 margines
1345 550 1409 583 sed
1446 556 1588 583 tantum
1624 550 1661 583 in

127 608 408 653 emarginatura
435 607 577 641 frondis
604 607 673 640 sub
702 607 921 651 adspectum
952 607 1202 648 venientibus,
1230 608 1404 650 serentes,
1433 620 1546 653 supra
1565 609 1662 642 laete

129 676 165 705 et
191 670 340 704 intense
366 666 529 709 virides,
567 666 800 711 epidermide
839 667 986 702 lineolis
1021 667 1136 702 fuscis
1174 669 1370 702 reticulata
1396 668 1502 711 (retis
1528 667 1663 702 areolis

129 728 338 772 hexagonis
384 727 538 770 papillis
583 727 894 771 hemisphaericis
940 728 1162 771 oblongisve
1206 728 1368 771 hyalinis
1409 728 1664 771 interspersis)

128 789 296 833 margine
322 786 506 820 undulato
534 785 788 821 adscendente
816 786 1027 831 subtusque
1055 791 1390 831 atro-purpureae,
1417 792 1521 822 trans
1543 788 1664 822 lucem

130 849 331 892 adspectae
358 845 637 881 subviolaceae.
691 847 735 880 In
765 845 860 880 facie
888 857 1007 891 prona
1035 847 1091 880 vel
1120 846 1285 880 inferiori
1312 846 1449 882 adsunt
1481 852 1518 881 et
1543 846 1665 891 plicae

129 907 393 947 tenuissimae,
430 916 527 950 quae
556 916 577 939 a
604 910 734 940 centro
761 905 808 939 ad
836 906 1025 949 margines
1052 905 1212 939 radiant.
1266 905 1663 952 Receptaculmnfemi-

130 980 230 1003 neum
256 970 706 1010 mono-pentacarpum,
734 976 807 1000 non
835 969 961 999 autem
990 976 1037 999 ex
1066 965 1344 1009 emarginatura
1372 966 1571 1010 prodiens,
1598 965 1663 999 sed

130 1042 149 1064 e
177 1027 300 1062 medio
327 1025 497 1060 loborum
526 1025 668 1059 frondis
697 1036 770 1059 non
798 1025 907 1068 longe
934 1030 1021 1059 ante
1057 1025 1203 1069 apicem
1240 1036 1416 1068 surgens,
1452 1025 1664 1068 pedunculo

132 1085 367 1126 brevissimo,
395 1084 491 1118 duas
518 1084 564 1119 ad
593 1095 778 1119 summum
807 1084 926 1118 lineas
953 1085 1078 1127 longo,
1107 1084 1186 1117 basi
1214 1095 1426 1128 compresso
1454 1086 1554 1119 nudo
1581 1085 1662 1119 lon-

131 1146 387 1192 gitudinaliter
423 1145 555 1180 striato
590 1145 698 1182 albo.
737 1143 882 1178 cellulis
918 1143 1200 1184 minutissimis,
1255 1144 1301 1177 ad
1338 1143 1427 1178 axin
1463 1143 1665 1177 centralem

132 1208 286 1242 densius
312 1203 489 1240 consertis
518 1204 770 1248 radiatimque
797 1202 989 1237 conversis
1015 1203 1238 1247 composito,
1265 1203 1372 1247 apice
1391 1203 1524 1237 subtus
1548 1203 1666 1247 paleis

133 1265 361 1303 tenuissimis
388 1264 497 1306 longe
526 1264 706 1304 barbato,
749 1264 954 1297 suffultum.
1011 1262 1195 1296 luz-olum
1226 1266 1238 1296 l
1271 1263 1318 1296 ad
1343 1266 1389 1305 5,
1426 1263 1502 1297 fere
1530 1262 1666 1297 lineam

135 1329 267 1371 longa,
295 1323 529 1359 semilineam
557 1322 653 1364 lata,
682 1321 837 1363 viridia,
871 1322 917 1355 ad
946 1322 1090 1366 apicem
1119 1322 1320 1366 pedunculi
1348 1321 1668 1366 longitudinaliter

135 1387 247 1421 affixa
274 1383 500 1426 sibimetque
527 1381 638 1416 dorso
666 1381 843 1424 contigua
870 1381 1056 1422 bivalvia,
1094 1393 1160 1415 seu
1194 1382 1422 1416 verticaliter
1448 1382 1540 1415 rima
1567 1380 1663 1416 inte-

135 1444 296 1489 gerrima
323 1441 568 1476 dehiscentia.
622 1441 859 1485 Quandoque
886 1441 1119 1475 involucrum
1147 1441 1354 1475 solitarium
1381 1441 1544 1475 cernitur
1572 1440 1667 1475 sub—

136 1503 288 1543 sessile,
317 1500 530 1545 pedunculo
567 1499 810 1542 abbreviato,
847 1504 935 1534 tunc
970 1501 1060 1533 rima
1097 1511 1234 1544 supera
1269 1505 1307 1535 et
1333 1500 1595 1534 transversalis
1629 1505 1669 1534 ut

136 1564 172 1597 in
229 1560 478 1605 receptaculis
529 1560 767 1604 monocarpis
826 1559 1145 1604 Playioclrasmatls
1183 1560 1381 1594 Per-uolani
1437 1560 1668 1604 aliarumque

137 1622 346 1666 specierum
379 1619 578 1653 invenitur.
639 1619 684 1653 Id
721 1619 753 1653 si
787 1619 1006 1662 contigerit,
1045 1619 1203 1662 vestigia
1239 1619 1514 1654 involucrorum
1555 1619 1670 1653 abor—

138 1682 309 1716 tientium
338 1679 408 1714 sub
435 1678 629 1714 involucro
655 1677 768 1713 fertili
795 1679 853 1713 vel
882 1679 928 1713 ad
963 1678 1083 1722 ipsius
1117 1679 1225 1713 basin
1262 1683 1455 1713 remanent
1487 1683 1524 1712 ct
1562 1678 1673 1713 facile

139 1740 484 1786 deprehenduntur.
538 1738 710 1784 Calyptra
739 1737 959 1778 tenerrima,
994 1738 1141 1780 albida,
1177 1738 1272 1783 stylo
1298 1738 1455 1783 parvulo
1480 1744 1672 1780 coronata,

139 1812 158 1836 e
186 1800 331 1835 cellulis
357 1809 470 1844 quam
499 1798 664 1832 maxime
698 1798 968 1842 irregularibus
1005 1802 1205 1840 constans,
1241 1798 1350 1842 apice
1385 1798 1459 1833 cito
1491 1797 1674 1841 rumpitur

140 1865 177 1895 et
203 1870 348 1904 semper
375 1869 459 1893 cum
487 1857 682 1892 involucro
710 1862 786 1891 tam
814 1862 916 1892 arcte
945 1858 1132 1899 cohaeret,
1162 1862 1202 1892 ut
1229 1858 1278 1892 sit
1295 1857 1483 1892 disiunctu
1503 1856 1673 1891 difficilis.

143 1918 293 1964 Capsula
313 1917 588 1962 (sporangium)
613 1917 823 1960 sphaerica,
841 1918 1023 1959 brunnea,
1051 1917 1482 1952 diametro-semilineam
1502 1917 1672 1958 metienS,

142 1977 325 2021 pedicello
353 1976 505 2010 suffulta
531 1981 704 2020 quartam
732 1976 855 2009 lineae
883 1981 1029 2019 partem
1056 1977 1316 2020 adaequante,
1352 1977 1389 2009 in
1418 1977 1532 2011 fundo
1563 1977 1671 2010 invo-

142 2035 235 2069 lucri
270 2034 401 2076 affixo,
441 2035 477 2068 in
514 2034 674 2068 lacinias
708 2035 834 2078 plures
871 2035 1097 2078 irregulares
1132 2035 1240 2079 apice
1272 2035 1480 2070 dehiscens.
1543 2036 1677 2082 Spera(-

143 2093 576 2140 globoso-poly'e'drae,
634 2093 771 2138 quinas
818 2099 944 2138 partes
989 2095 1214 2129 centesimas
1252 2094 1453 2128 millimetri
1492 2094 1676 2128 diametro

145 2157 373 2198 aequantes,
408 2153 713 2193 fusco-rubrae,
749 2153 953 2196 obscurae,
992 2154 1199 2188 muricibus
1233 2154 1379 2188 obtusis
1414 2154 1602 2198 spiraliter
1636 2158 1677 2187 ut

147 2213 293 2247 videtur
319 2213 467 2247 seriatis
493 2212 704 2247 echinatae.
756 2213 915 2247 Elateres
940 2213 1094 2257 trispiri,
1120 2213 1293 2254 flexuosi,
1321 2213 1491 2257 apicibus
1519 2211 1677 2253 obtusis,

147 2272 270 2307 medio
304 2272 374 2307 filis
407 2272 602 2307 laxissime
637 2272 824 2316 spiraliter
860 2273 967 2308 tortis
994 2278 1030 2308 et
1058 2273 1217 2307 utriculo
1243 2273 1430 2316 contiguis
1458 2270 1678 2307 ventricosis

147 2332 433 2368 subcancellati.
484 2331 740 2377 (Montagne.)

348 2408 382 2439 4.
433 2404 851 2449 Playv‘ochasma
874 2404 1244 2440 Peruvfanum
1285 2403 1331 2437 N.
1368 2406 1405 2437 et
1431 2402 1486 2437 M.

248 2461 309 2495 Pl.
325 2461 462 2507 fmnde
487 2475 529 2496 ex
553 2463 648 2509 apice
672 2462 891 2497 articulatim
915 2464 1101 2497 innovante
1124 2461 1425 2507 oblonyo-obovata
1447 2460 1566 2495 subtus
1582 2467 1676 2493 atro-

148 2532 327 2567 purpurea
352 2521 528 2566 ruyulosa,
553 2522 706 2568 squamis
730 2522 947 2557 ventralibus
971 2521 1368 2566 ovato-trianyularibus
1392 2521 1490 2566 apice
1509 2517 1681 2553 subulaeis

151 2582 198 2614 ad
226 2582 357 2626 apicem
386 2581 531 2627 plantae
564 2587 702 2615 tantum
739 2581 863 2623 obviis,
889 2581 1075 2628 fructibus
1105 2583 1143 2615 in
1165 2582 1312 2627 frondis
1345 2579 1506 2614 articulis
1527 2579 1679 2618 seriatis,

146 2640 344 2684 pedunculo
369 2639 568 2675 brevissimo
591 2639 666 2675 basi
685 2641 854 2687 paleaeeo,
887 2643 1100 2688 receptaculo
1112 2641 1268 2687 femineo
1295 2639 1316 2674 1
1331 2660 1347 2666 -
1361 2638 1387 2674 ἶ.)
1401 2650 1531 2686 -οαψο
1563 2638 1681 2672 subtus

152 2698 305 2732 barbato.

346 2747 606 2791 Plagiochasma
643 2747 873 2781 Peruviaunm
909 2748 957 2782 N.
983 2755 1017 2782 et
1042 2748 1101 2783 M.
1133 2748 1227 2793 Ηφ.
1262 2747 1355 2781 Eur.
1391 2747 1460 2782 1V.
1489 2758 1528 2792 p.
1563 2748 1622 2780 40.
1648 2752 1680 2778 et

433 2794 580 2829 LXIV.
631 2794 748 2829 Mam.
766 2795 863 2829 Ceut.
886 2795 937 2842 pl.
963 2795 1036 2830 cell.
1062 2797 1098 2830 in
1118 2795 1214 2829 Arm.
1240 2796 1295 2829 des
1319 2808 1364 2830 sc.
1377 2802 1496 2829 natur.
1521 2793 1679 2828 2.Se³rie.

434 2841 509 2877 1X.
537 2843 672 2886 (1838.)
704 2854 741 2888 p.
769 2846 828 2877 44.
854 2856 890 2877 π.
917 2845 975 2877 76.
1002 2850 1033 2877 et
1059 2843 1096 2877 in
1130 2842 1331 2889 d'Orbiyny
1365 2855 1436 2890 voy.
1463 2843 1549 2877 dans
1569 2840 1679 2875 l'Am.

432 2890 554 2924 merid.
582 2889 666 2924 Boe.
691 2902 727 2936 p.
753 2894 811 2925 58.
840 2897 864 2924 t.
899 2890 982 2935 ¹·f·
1013 2893 1042 2924 l.
