1824 3252
784 150 977 195 Lejeunia.
1572 153 1643 185 343

220 268 262 300 In
297 265 432 300 cortice
458 263 664 309 peruviano
690 264 875 310 Legjeuniae
899 263 1139 309 mayellanicae
1166 263 1249 307 Spr.
1276 261 1491 297 consociata
1516 261 1639 306 (Pau-

119 326 239 367 ckert‚
270 324 445 369 Hampe).

219 382 387 417 Adnot.
448 383 595 417 Surculi
636 383 789 428 quidam
838 382 1025 417 tenuiores
1068 381 1168 416 haud
1219 381 1408 415 absimiles
1457 380 1644 426 qu'euniae

119 443 312 477 <cucullatae
341 454 417 476 var.
445 456 467 476 a
503 447 538 476 et
564 454 609 485 γ,
649 443 857 486 prodeunt,
897 447 934 475 et
968 441 1002 475 hi
1040 441 1188 486 quidem
1223 445 1309 475 ante
1342 440 1503 484 reliquos
1531 449 1644 482 saepe

125 502 322 543 fructiferi,
359 503 495 546 quibus
522 503 691 537 conferas
716 502 1030 547 Junyemnanniam
1047 500 1173 546 (Lej.)
1193 499 1506 545 ornithommpltam
1533 500 1643 534 Cord.

124 563 168 597 ic.
196 563 293 596 ined.

223 621 358 654 Planta
386 631 514 664 parva,
552 624 567 653 1
600 641 615 647 -
646 624 668 655 3
698 621 760 655 lin.
789 621 911 664 longa,
937 624 1079 661 tenera,
1106 620 1388 664 luteo-pallens.
1439 619 1544 653 Folia
1570 619 1646 653 fere

128 679 317 713 verticalia
335 706 343 719 ‚
371 680 486 713 densa
516 691 582 714 nec
610 679 827 721 imbricata,
861 681 926 714 scd
953 680 1024 713 situ
1051 680 1218 714 vertieali
1246 679 1433 723 patentia,
1467 677 1647 722 apiceque

127 739 235 772 simul
272 739 456 780 decurva,
495 743 627 779 ovata,
663 738 828 782 margine
862 750 949 773 vero
983 739 1119 773 dorsali
1154 739 1272 782 magis
1305 743 1458 772 arcuato
1490 738 1647 782 basique

125 797 212 831 hinc
239 798 284 830 ad
313 799 468 832 alterum
495 799 592 831 latus
618 798 734 831 caulis
762 802 962 841 protracta,
987 798 1143 832 ventrali
1166 798 1330 841 margine
1353 802 1453 832 recto
1469 797 1646 831 sinuatim

127 856 162 889 in
198 857 332 900 plicam
369 857 594 890 cucullarem
629 857 800 891 deorsum
836 857 1056 900 productam
1093 857 1260 899 margine
1292 857 1415 892 antico
1448 857 1644 892 subemar-

126 915 504 958 giumo-truncatam
542 915 706 948 inflatam
749 915 992 949 semiovatam
1028 916 1299 956 descendente,
1337 916 1481 960 apicem
1520 928 1647 951 versus

127 976 270 1009 modice
298 979 643 1008 attenuato-acuta
670 974 929 1016 integerrima;
957 976 1044 1009 retis
1070 976 1239 1008 maculae
1267 976 1521 1009 subrotundae
1547 977 1645 1009 limi-

126 1035 224 1068 tibus
261 1035 415 1073 crassis,
453 1033 607 1066 maculis
634 1033 919 1067 intercalaribus
953 1033 1192 1067 indistinctis.
1251 1034 1518 1079 Amplez'yastria
1552 1035 1648 1069 foliis

126 1093 335 1138 quadruplo
362 1093 525 1133 minora,
554 1093 783 1126 subrutunda
811 1097 876 1126 aut
901 1094 1179 1137 subquadrata‚
1219 1095 1385 1135 margine
1413 1093 1536 1127 antico
1564 1094 1647 1127 sinu

127 1153 197 1186 levi
224 1154 373 1197 latoque
400 1157 545 1191 retusa,
575 1152 720 1196 angulis
747 1153 911 1193 obtusis,
939 1158 1125 1187 caeterum
1154 1153 1403 1196 integerrima.
1456 1153 1559 1186 Folia
1593 1154 1647 1186 in-

125 1212 321 1246 volucralia
348 1213 529 1247 ramulum
557 1212 793 1246 terminantia
823 1212 975 1256 reliquis
1002 1212 1115 1256 duplo
1142 1212 1303 1251 maiora,
1345 1211 1477 1253 bifida,
1513 1213 1648 1247 lacinia

126 1271 264 1305 dorsali
293 1271 447 1313 longiori
485 1272 719 1313 acuminata,
759 1273 915 1305 ventrali
952 1276 1063 1305 ovata
1098 1272 1232 1305 obtusa
1263 1272 1387 1315 plana.
1439 1272 1646 1315 Amphiga-

128 1330 258 1364 strium
285 1331 512 1365 involucrale
541 1332 644 1365 lobos
671 1331 857 1365 ventrales
885 1331 1115 1375 adaequans,
1142 1331 1248 1365 ovale
1269 1331 1374 1374 apice
1396 1332 1651 1374 rotundatum,

128 1389 414 1432 integerrimum.
468 1391 715 1424 Periantlzimn
748 1390 874 1424 iunius
911 1391 1059 1424 omnino
1087 1391 1321 1431 imnicrsum;
1361 1392 1528 1425 adultum
1561 1397 1646 1426 tan·

127 1452 203 1482 tum
251 1450 344 1484 ciliis
383 1455 418 1483 et
462 1460 639 1484 mucrone
690 1451 926 1494 prominens,
984 1451 1328 1495 quinquangulum,
1381 1451 1516 1485 carinis
1555 1463 1645 1485 ven«

128 1508 282 1543 tralibus
323 1508 490 1551 duabus,
537 1521 693 1554 quarum
731 1510 843 1543 crista
889 1511 924 1543 in
964 1510 1050 1544 cilia
1087 1514 1109 1544 3
1138 1531 1153 1536 -
1184 1515 1368 1555 quaterna
1414 1511 1648 1553 dissolvitur;

128 1568 256 1602 carina
291 1568 427 1601 dorsali
464 1580 560 1610 una,
619 1569 726 1602 cuius
768 1569 880 1602 crista
918 1569 1046 1602 itidem
1081 1569 1199 1603 tribus
1239 1569 1517 1612 divergentibus
1554 1570 1649 1604 ciliis

130 1626 306 1667 solvitur3
346 1627 470 1670 anguli
499 1628 671 1661 laterales
698 1627 808 1661 etiam
844 1628 1026 1662 similibus
1061 1629 1155 1662 ciliis
1189 1629 1310 1662 vestiti
1338 1628 1487 1662 dorsum
1521 1639 1649 1662 versus

129 1687 240 1720 erecti
261 1691 359 1729 sunt,
388 1698 460 1730 quo
480 1687 630 1720 dorsum
653 1687 849 1728 perianthii
875 1687 911 1720 in
939 1688 1119 1730 superiori
1145 1693 1250 1729 parte
1270 1698 1473 1721 concavum
1496 1688 1553 1721 vel
1578 1698 1647 1720 na-

128 1746 293 1779 viculare
321 1746 458 1788 prodit,
487 1745 615 1779 carina
642 1746 781 1780 dorsali
807 1747 842 1779 in
873 1746 966 1781 duos
993 1747 1134 1781 loculos
1161 1733 1650 1781 divisa—Observandum

129 1810 183 1838 est
199 1805 235 1839 in
254 1805 478 1849 perianthiis
503 1804 770 1839 vetustioribus
789 1805 882 1838 haec
900 1805 985 1839 cilia
1008 1804 1227 1849 saepissime
1249 1816 1330 1839 esse
1351 1805 1487 1843 deleta.
1512 1808 1649 1844 tamen,

129 1862 158 1896 si
187 1864 397 1898 accuratius
424 1864 647 1908 inspexeris,
676 1874 801 1898 eorum
831 1863 979 1897 residua
1007 1864 1043 1897 in
1071 1865 1199 1897 carina
1226 1865 1445 1907 angulorum
1472 1864 1650 1898 invenies.

475 1933 534 1964 76.
585 1930 842 1976 Lejennia
866 1930 1117 1964 inchoata
1142 1928 1298 1962 Meissn.

225 1991 269 2023 L.
293 1990 387 2024 caule
411 1996 547 2035 repente
569 2002 654 2033 voye
671 2000 817 2028 ramoso,
832 1987 941 2032 foliis
958 1986 1208 2021 remotiusculis
1231 1986 1513 2021 subverticalibus
1528 1989 1646 2022 diver-

122 2049 281 2095 9entibus
306 2061 505 2094 sursumque
523 2050 629 2082 versis
647 2046 1074 2082 semiovato-rltomboz'deis
1096 2048 1304 2081 acuminatis
1321 2046 1477 2090 maryine
1495 2046 1649 2079 (lentata-

126 2108 310 2154 spinulosis
333 2109 453 2143 subtus
476 2106 861 2153 sinuato-complicatis
895 2105 1005 2140 {obulo
1035 2105 1173 2151 inflato,
1216 2105 1476 2150 amplriyastrz'is
1505 2105 1651 2138 minutis

127 2168 334 2203 distantibus
348 2166 748 2211 ovalo-trianyularibus
762 2165 938 2211 prqfimde
955 2164 1070 2210 bifidi-⁹
1091 2164 1227 2198 laciniis
1240 2162 1504 2208 diveryentibus,
1519 2163 1651 2208 fmetu

129 2228 287 2269 laterali,
320 2226 519 2273 perianthio
552 2226 772 2271 cyathfformi
803 2236 949 2270 superne
978 2222 1274 2269 quinquanyulari
1297 2221 1648 2257 cristato-laciniam.

130 2286 291 2321 Gollsclee
316 2286 411 2320 Ieon.
442 2286 587 2331 Lejeun.
615 2285 644 2319 Ι.
674 2288 730 2319 16.

319 2347 586 2388 Jungermannia
615 2345 769 2376 inchoata
797 2342 943 2376 Meissn.
979 2341 1098 2375 Lehm.
1131 2354 1205 2375 nov.
1233 2346 1264 2374 et
1291 2342 1404 2373 minus
1427 2352 1521 2384 coyn.
1547 2340 1648 2384 stirp.

407 2393 502 2436 Puq.
529 2391 577 2424 V.
608 2394 715 2425 1833,
737 2403 776 2436 p.
808 2393 862 2425 19.
888 2402 923 2423 n.
953 2392 1008 2424 19.

225 2453 384 2487 Habitat
418 2452 457 2485 in
487 2451 625 2484 Insulis
652 2450 824 2484 Caraibis
859 2450 905 2483 ad
940 2447 1076 2482 Filices
1111 2447 1345 2492 (Meissner);
1381 2445 1418 2480 in
1453 2446 1647 2481 frondibus

129 2512 285 2546 Filicum
313 2511 465 2545 Insulae
493 2510 742 2553 Guadalupae
767 2509 844 2552 (0²)
878 2508 972 2553 (Hb.
1000 2508 1192 2551 Mougeot.
1219 2518 1255 2540 n.
1282 2507 1395 2548 27¹);
1438 2505 1475 2539 in
1511 2506 1647 2540 cortice

130 2571 333 2614 peruviano
361 2571 452 2613 (Hb.
483 2570 566 2614 N.);
602 2569 639 2603 in
668 2568 883 2614 Podophyllo
914 2566 1145 2613 mawoplryllo
1179 2571 1216 2600 et
1245 2566 1282 2601 in
1310 2565 1439 2610 Pipere
1462 2564 1647 2598 hemmmli-

125 2630 212 2674 folio
239 2630 330 2672 (Hb.
359 2630 526 2673 Colsm.).

227 2689 336 2723 Obs.
388 2688 568 2723 Proxima
593 2687 667 2732 [ᾗ.
706 2687 952 2727 Ρει·αυὶαηαε,
993 2687 1137 2731 absque
1177 2684 1291 2718 dubio
1318 2688 1441 2717 tamen
1477 2683 1644 2717 diversa:

132 2751 274 2782 statura
308 2748 422 2781 multo
457 2747 598 2781 minore
632 2745 847 2789 graciliore.
885 2746 983 2780 foliis
1017 2744 1238 2779 acuminatis
1272 2740 1518 2786 inaequaliter
1551 2740 1643 2774 den-

131 2806 239 2847 tatis,
274 2805 548 2849 amphigastriis
582 2816 653 2839 non
680 2804 849 2839 rotundis
876 2805 1099 2848 profundius
1127 2803 1246 2837 bifidis
1274 2801 1418 2835 laciniis
1444 2800 1643 2842 divergen-

131 2866 251 2905 tibus,
284 2868 321 2898 et
346 2864 563 2908 perianthio.
617 2864 811 2908 Plerisque
839 2864 968 2896 harum
997 2868 1165 2897 notarum
1192 2862 1350 2905 aliisque
1385 2871 1407 2894 a
1433 2860 1507 2905 Lff.
1534 2860 1645 2893 denti-

129 2924 246 2958 culam
274 2928 310 2958 et
337 2923 415 2969 Lej.
441 2923 658 2968 leamatzfolia
684 2923 934 2967 distinguitur.
