1824 3252
783 158 929 194 Riccia.
1547 166 1618 198 795

188 271 349 306 Habitat
375 270 411 305 in
435 271 542 306 Nova
566 271 768 307 Hollandia
796 285 910 318 prope
936 275 1071 308 flumen
1091 274 1302 318 Cygnorum
1330 275 1616 321 (Drummond).

186 332 354 366 Frondes
404 331 468 365 vix
515 332 809 376 semipollicares
851 334 886 367 in
927 333 1132 376 diametro;
1180 334 1255 368 lobi
1295 335 1371 368 sere
1409 334 1616 368 trilineares

91 390 200 425 viridi
223 411 239 417 -
264 391 405 432 albidi,
454 392 584 426 leviter
622 393 762 426 crenati
801 398 839 427 et
876 393 1131 436 irregulariter
1169 394 1355 437 angulati;
1405 393 1435 427 si
1475 394 1615 429 humidi

92 455 191 491 sunt,
219 450 419 494 adspectus
440 462 668 486 cavernosus
691 452 947 492 obnubilatur,
977 452 1142 487 loborum
1167 454 1351 495 margines
1378 454 1443 487 vix
1469 453 1616 488 elevati.

185 509 474 551 Quodammodo
502 511 633 545 similis
661 512 712 546 R.
739 511 980 558 crystallinae,
1006 513 1071 546 sed
1099 513 1221 547 differt
1245 512 1438 547 frondibus
1464 511 1613 546 tenuio-

95 569 199 603 ribus
233 575 271 603 et
305 570 586 604 delicatioribus
632 571 827 605 latioribus
873 572 991 614 magis
1033 572 1222 614 angulatis
1265 571 1457 616 magisque
1495 576 1616 604 terrae

93 627 293 672 admessis,
315 628 389 664 'nec
415 631 490 664 ullo
518 631 626 665 modo
651 631 925 664 canaliculatis.
975 632 1130 675 (Taylor
1157 632 1178 665 Ι.
1204 633 1255 675 c.)

89 731 125 764 p.
153 723 238 755 608.
442 725 489 755 *2ss
507 733 539 756 c.
589 724 772 758 Riccia
799 725 1103 760 cain-ellata
1128 725 1275 768 Taylor.

186 792 236 826 R.
267 793 393 836 fronde
426 794 680 827 suborbicularz'
717 806 898 828 cavernosa
936 796 1105 828 radiatim
1139 796 1270 836 divisa,
1303 795 1387 829 lobis
1419 796 1617 829 incrassatis

88 853 259 886 excavatis
284 853 480 886 dichotomis
507 852 820 897 lineari-oblongis
844 855 1000 898 marqine
1025 854 1143 887 subtus
1167 855 1281 888 nudis.

280 914 393 944 Riccia
421 914 601 944 cancellata
634 912 737 958 Tayl.
767 913 855 947 Nov.
881 914 973 959 Hep.
1000 915 1037 947 in
1064 914 1177 947 Lond.
1198 914 1327 947 Jom'n.
1353 914 1397 958 qf
1414 912 1480 946 boe.
1512 916 1614 947 1846.

363 983 402 1015 p.
429 974 511 1004 414.
538 984 571 1005 η.
600 975 634 1005 3.

186 1040 347 1074 Habitat
374 1042 410 1075 in
436 1042 541 1076 Nova
560 1042 765 1076 Hollandia
794 1054 909 1087 prope
936 1045 1071 1077 flumen
1093 1044 1304 1087 Cygnorum
1330 1043 1615 1086 (Drummond).

184 1111 278 1145 Lobi
320 1113 394 1146 fere
437 1113 690 1156 bipollicares.
738 1114 897 1147 obscure
938 1115 1074 1158 pallide
1111 1115 1268 1155 virides,
1313 1115 1418 1149 valde
1460 1115 1613 1156 tumidi;

88 1171 350 1215 depressiones
376 1183 603 1206 cavernosae
630 1172 887 1215 magnitudine
909 1175 1098 1207 variantes
1123 1175 1187 1207 sed
1217 1179 1452 1217 aggregatae.
1508 1174 1614 1207 Haec

89 1231 234 1274 species
262 1232 376 1265 totius
403 1232 551 1274 generis
587 1243 606 1264 e
634 1232 808 1265 maximis
845 1237 919 1273 est3
964 1233 1000 1265 in
1036 1238 1133 1266 statu
1170 1232 1270 1266 sicco
1305 1234 1471 1267 loboruni
1506 1234 1614 1267 bases

89 1289 194 1324 fusco
221 1290 360 1325 tinctae
388 1295 486 1324 sunt.
540 1292 705 1334 (Taylor.
734 1292 756 1326 l.
784 1293 835 1334 c.)

89 1393 125 1426 p.
153 1385 237 1417 609.
430 1386 488 1417 29.
539 1384 726 1418 Riccia
752 1385 1067 1427 ochrospora
1094 1383 1146 1417 M.
1175 1388 1211 1417 et
1240 1384 1286 1417 N.

187 1454 322 1487 Forma
350 1454 467 1488 minor
495 1455 591 1488 lecta
619 1461 676 1488 est
702 1466 786 1488 cum
809 1455 952 1497 vulgari
974 1455 1010 1488 in
1028 1455 1123 1488 Chili
1143 1455 1188 1488 ad
1209 1456 1409 1498 Bancagna
1439 1455 1614 1497 (Ber-tero

90 1511 128 1545 in
164 1512 240 1548 Hb.
280 1513 492 1548 Hoclistett.
538 1519 575 1548 et
612 1515 736 1548 Biscli.
777 1526 811 1548 n.
847 1517 939 1555 59ος
983 1513 1146 1556 vulgaris
1181 1515 1251 1548 sub
1292 1514 1438 1548 nomine
1472 1513 1615 1547 Ricciae

88 1570 265 1605 obtusatae
296 1573 416 1606 ssisch.
445 1584 479 1607 n.
507 1576 590 1607 591.
623 1576 744 1617 1278).

89 1675 124 1708 p.
151 1667 235 1699 609.
452 1668 500 1699 30
520 1666 555 1699 b.
608 1667 794 1700 Riccia
818 1666 1050 1700 vesicata
1077 1666 1225 1709 Taylor.

186 1736 236 1770 R.
260 1737 395 1782 fronde
427 1743 571 1770 cuneata
604 1738 815 1775 didrotoma,
857 1735 940 1770 Ivbz's
972 1737 1224 1782 adproaeimatis
1263 1736 1451 1770 linearibus
1487 1735 1614 1769 obtusis

88 1796 231 1830 tumidis
245 1795 553 1830 subcanalieulatis
572 1797 763 1840 corruyate‘s
778 1796 974 1829 vesu-alatis
988 1798 1140 1840 vmryine
1151 1796 1269 1830 subtus
1286 1797 1387 1829 nudis
1403 1795 1611 1840 tuberiferis.

281 1857 391 1887 Riccia
421 1858 563 1887 vesicata
601 1855 702 1901 Tuyl.
732 1856 820 1889 Nem.
850 1855 940 1900 Hep.
975 1857 1013 1888 in
1041 1856 1152 1889 Loml.
1180 1855 1307 1889 Journ.
1336 1855 1379 1899 qf
1398 1853 1464 1888 bot.
1508 1856 1611 1888 1846.

363 1927 400 1959 p.
428 1917 509 1948 4¹4.
538 1927 571 1948 η.
599 1919 633 1948 4.

184 1972 344 2006 Habitat
370 1974 406 2007 in
436 1974 542 2007 Nova
563 1974 763 2008 Hollandia
791 1986 906 2018 prope
933 1975 1068 2008 flumen
1095 1975 1305 2018 Cygnorum
1327 1972 1610 2016 (Drummond).

184 2032 341 2066 Frovdes
368 2039 613 2076 aggregatae.
651 2034 714 2068 vix
742 2035 1053 2077 semipossicaoes,
1092 2033 1266 2067 vesiculis
1295 2033 1447 2067 minutis
1473 2033 1611 2075 pallide

87 2090 270 2125 viridibus
312 2092 437 2126 variae
484 2093 752 2135 magnitudinis
801 2093 1025 2137 orificiisque
1072 2093 1331 2137 inaequalibus
1373 2102 1610 2134 conspersae.

89 2151 258 2184 Frondes
293 2151 411 2194 magis
447 2152 597 2185 adultae
633 2152 820 2185 interdum
858 2163 988 2185 versus
1023 2157 1189 2185 centrum
1223 2151 1376 2184 cellulas
1403 2159 1610 2193 purpureas

87 2208 239 2242 habent.
309 2210 480 2255 Capsulae
517 2212 708 2244 solitariae
759 2211 807 2243 ad
850 2211 1016 2244 loborum
1058 2211 1324 2243 bifurcationes
1370 2210 1464 2253 stylo
1506 2209 1610 2251 nigro

88 2273 300 2303 coronatae.
350 2268 495 2302 Semina
520 2269 918 2312 oblongo-rotundam,
946 2270 1137 2312 angulata.
1189 2269 1268 2302 Sub
1296 2269 1478 2302 frondium
1506 2278 1610 2301 mar-

88 2329 238 2372 ginibus
284 2328 526 2361 inveniuntur
562 2327 759 2373 corpuscula
804 2328 924 2361 solida
965 2328 1380 2371 oblongo-rotundato.
1421 2327 1609 2361 radicellis

87 2388 270 2433 praedita,
298 2399 394 2432 quae
419 2387 662 2432 probabiliter
688 2398 754 2430 pro
781 2387 936 2429 gemmis
962 2387 1136 2420 habenda
1161 2392 1259 2421 sunt.
1307 2387 1459 2431 (Taylor
1485 2388 1506 2421 l.
1534 2382 1586 2433 cs)

87 2492 124 2525 p.
150 2484 234 2515 612.
522 2482 536 2513 ἲ
584 2480 768 2514 Βίεοὶα
802 2479 1055 2513 t-uberosa
1089 2480 1236 2524 Taylor.

185 2552 235 2586 R.
250 2552 383 2598 fronde
407 2557 515 2584 erecta
529 2550 638 2596 fusca
664 2549 758 2583 tenui
781 2562 822 2582 ex
845 2556 993 2594 anyusta
1018 2549 1090 2583 basi
1114 2550 1266 2593 obovata,
1305 2552 1462 2596 maryine
1487 2558 1605 2586 rotun-

88 2611 168 2645 dato
192 2610 361 2645 undulato
386 2609 506 2649 bilolm,
533 2610 606 2643 basi
629 2610 760 2643 radices
784 2609 875 2641 inter
901 2607 1102 2653 tubes-fita.

279 2672 394 2703 Riccia
427 2669 485 2712 (ἲ)
521 2671 680 2701 tuber-osa
719 2666 822 2713 Tayl.
860 2667 947 2700 Nov.
982 2667 1075 2713 Hep.
1111 2668 1148 2701 in
1179 2667 1289 2702 Loud.
1316 2668 1444 2702 Jozern.
1479 2667 1605 2713 quot.

370 2731 473 2763 1846.
496 2740 533 2774 p.
558 2730 642 2762 415.
668 2740 703 2761 n.
730 2731 764 2762 5.

188 2787 350 2822 Habitat
376 2788 413 2822 in
437 2787 544 2821 Nova
560 2786 766 2821 Hollandia
792 2797 906 2831 prope
933 2786 1070 2820 flumen
1094 2787 1305 2830 Cygnorum
1324 2784 1607 2829 (Drummond).

184 2848 354 2882 Frondes
389 2852 626 2891 aggregatae,
650 2849 706 2880 2-
723 2849 745 2881 3
773 2846 836 2880 lin.
858 2846 970 2886 altae,
998 2845 1292 2890 subpellucidae,
1320 2845 1351 2879 si
1370 2845 1606 2878 humectatae

89 2909 190 2950 sunt,
218 2908 341 2942 colore
361 2907 500 2949 Nostoc,
527 2910 712 2941 structura
729 2905 1049 2951 Junyermamiiam
1075 2905 1272 2940 imitantes.
1325 2905 1433 2939 Duae
1457 2904 1605 2938 frondes
