1824 3252
721 190 1034 235 Omphalanthus.
1565 195 1636 227 ¹747

189 306 223 346 β,
257 305 455 348 anqustior,
491 305 645 347 longior,
671 306 779 348 magis
805 317 982 346 ramosus,
1018 305 1099 337 solia
1125 306 1273 344 minora,
1307 305 1416 346 magis
1442 304 1636 337 acuminata

260 365 568 407 ampbigasu·iaque
595 366 783 406 flaccidula,
808 367 915 398 lobuli
941 367 1054 398 miuus
1082 364 1247 396 distincti.

187 433 226 464 γ,
261 421 520 467 Ονόἰρηίαηιιε,
566 424 814 468 amphigasu·iis
858 425 996 457 brevius
1046 425 1290 467 angustiusque
1329 424 1459 464 incisis,
1505 424 1636 455 laciniis

262 483 515 514 obtusiusculis.

237 551 263 580 ‘y
278 541 312 584 ἦ
340 539 570 581 Columbieus,
597 543 685 574 soliis
712 544 979 576 involucralibus
997 543 1104 584 magis
1120 541 1429 581 dentato-serratis,
1451 541 1635 584 perianthii

340 603 544 644 angulorum
565 603 676 634 carina
695 604 990 646 subintegerrima‚
1017 602 1077 633 sed
1099 602 1193 644 apice
1222 600 1636 632 dentato-mucronulato.

214 673 376 707 Habitat
402 686 424 706 cz
450 673 490 707 in
520 673 648 706 Insula
679 673 734 707 St.
762 673 967 713 Vincentii,
1002 675 1056 706 a*
1082 673 1120 706 in
1147 671 1254 706 terris
1279 669 1495 705 Mexicanis
1520 679 1635 713 prope

117 733 286 767 Mirador
307 738 344 767 et
366 733 595 777 Zacuapam,
622 745 644 764 οι
667 734 721 754 *²⁵²
749 743 795 766 ex
824 733 1009 774 Amatlan‚
1039 730 1060 768 β
1089 731 1291 775 angustior,
1319 740 1339 763 e
1359 730 1456 763 Hac.
1475 729 1520 761 de
1535 729 1636 762 Fovo

117 793 202 836 (sub
229 803 263 826 n.
290 794 378 837 515)
414 802 434 825 a
467 792 535 825 cel.
570 792 751 825 Liebman
788 792 917 825 lectus.
968 791 1058 825 Var.
1086 801 1112 830 γ
1144 791 1181 824 in
1210 789 1374 824 Peruvia
1409 788 1637 831 (d‘Orbigny

116 854 152 886 in
182 853 257 887 Hb.
285 853 424 895 Mont.)
441 878 449 892 ‚
488 853 546 888 7*
572 862 592 884 e
619 850 838 886 Columbiae
876 850 1072 884 Provincia
1100 849 1250 883 Merida
1275 853 1312 883 et
1333 848 1488 883 Colonia
1515 848 1637 881 Tovar

117 912 242 946 attulit
270 912 406 945 Moritz
441 911 539 952 (Hb.
578 911 673 954 Reg.
712 911 834 944 Berol.
869 920 905 944 n.
932 912 1006 955 83).
1073 910 1227 953 (Dubio
1261 908 1424 953 quodam
1457 907 1636 951 premitur

116 972 246 1015 planta
274 970 578 1011 Martinicensis,
622 981 718 1014 quae
754 969 791 1002 in
829 969 992 1012 Synopsi
1026 974 1154 1003 nostra
1187 969 1300 1001 allata
1334 972 1409 1007 est,
1454 966 1636 1010 cuiusque

115 1030 230 1065 lobuli
258 1031 417 1065 maiores
445 1036 482 1064 et
508 1029 776 1074 amphigastria
801 1029 915 1072 plana
941 1028 1212 1072 inveniuntur.)

212 1103 396 1143 „Fructus
426 1105 438 1135 l
462 1122 478 1128 -
496 1105 518 1135 3
544 1101 581 1134 in
603 1100 746 1134 ramulo
764 1099 982 1134 brevissimo
1003 1100 1176 1133 laterales
1201 1098 1341 1133 seriati.
1392 1097 1638 1131 Periwztlzium

115 1161 526 1204 obovato-oblongum
564 1160 645 1194 sive
677 1159 896 1203 pyrisorme,
936 1159 1014 1193 basi
1042 1160 1184 1193 scilicet
1209 1164 1327 1199 teres,
1364 1158 1488 1199 laeve,
1529 1157 1635 1201 apice

115 1221 270 1255 dilatato
297 1221 632 1265 quinquangulum,
662 1220 806 1262 angulis
831 1219 1056 1262 compressis
1081 1222 1104 1252 2
1126 1239 1141 1244 -
1163 1222 1184 1252 3
1205 1239 1221 1244 -
1243 1218 1404 1251 dentatis
1431 1227 1636 1250 mucronu—

115 1280 211 1315 latis,
264 1281 367 1314 Folia
393 1280 619 1314 involucralia
651 1279 811 1313 caulinis
848 1279 960 1322 paulo
995 1279 1158 1318 minora,
1197 1281 1385 1310 caeterum
1418 1275 1634 1317 conformia,

115 1341 256 1374 ambitu
284 1351 370 1376 vero
396 1340 650 1383 irregulariter
676 1340 850 1380 dentato,
884 1339 1068 1372 interdum
1097 1338 1202 1381 apice
1229 1336 1475 1370 subtruncato
1504 1334 1634 1367 bifido:

113 1401 401 1446 amplciyastriwn
425 1398 635 1433 involuerale
665 1410 685 1432 e
720 1398 800 1432 basi
836 1399 1049 1441 angustiore
1083 1396 1221 1431 sensim
1257 1395 1400 1438 apicem
1436 1394 1634 1427 rotundum

113 1470 241 1493 versus
269 1459 485 1503 ampliatum
514 1458 910 1501 repando-dentatum,
938 1458 1045 1501 apice
1072 1455 1294 1499 profundius
1313 1455 1462 1489 bifidum
1489 1454 1634 1488 laciniis

114 1517 186 1552 sibi
211 1517 515 1552 incumbentibus
543 1518 844 1552 acuminulatis.“
895 1517 1118 1559 (Montagne
1146 1516 1167 1549 Ι.
1195 1517 1246 1559 c.)

114 1621 150 1652 p.
177 1612 261 1643 306.
359 1610 431 1643 5b.
473 1610 896 1653 Omphalanthus
921 1608 1205 1643 substratus
1231 1607 1350 1650 Ldbg.
1366 1611 1402 1640 et
1418 1606 1608 1640 Gottsche.

211 1680 254 1713 O.
280 1679 375 1713 caule
398 1687 534 1726 repente
547 1681 708 1726 flexuoso
733 1693 816 1724 'voye
840 1680 1035 1713 inordinate
1059 1691 1193 1712 ramoso
1218 1677 1408 1724 bipimzaw,
1432 1677 1537 1722 foliis
1560 1677 1629 1709 im-

113 1738 255 1773 bricatis
278 1741 557 1773 cordato-ovatis
583 1740 766 1786 apic-alatis
790 1740 1041 1783 inteyerrimis,
1069 1739 1143 1772 basi
1173 1737 1284 1771 [obulo
1302 1750 1412 1783 parvo
1437 1735 1634 1776 convolutis,

111 1799 372 1845 amphiyastriis
402 1799 660 1833 subimbrieatz's
692 1800 1085 1845 rem'formi-‘rotundis‚
1118 1799 1213 1843 apice
1250 1801 1263 1839 ὲ
1293 1817 1308 1821 -
1338 1802 1353 1839 ἦ
1388 1796 1466 1830 sinu
1491 1802 1634 1839 anyuslo

111 1859 267 1903 maryine
279 1859 364 1903 fere
383 1858 554 1904 parallelo
581 1859 697 1892 incisis
723 1858 857 1892 laciniis
882 1858 1008 1891 obtusis
1029 1859 1138 1891 medio
1158 1858 1270 1901 affixis
1285 1856 1358 1890 basi
1375 1855 1458 1889 lobis
1476 1855 1635 1888 rotundis

112 1917 230 1952 liberis
254 1917 529 1957 decurrentibus,
561 1918 767 1963 perianthiis
790 1916 1202 1964 eylindrico-turbinatis
1226 1917 1322 1962 apice
1341 1916 1547 1962 penta907zis
1571 1926 1632 1947 cm-

107 1976 201 2022 9ulis
225 1977 391 2011 subalatis
415 1977 576 2010 laevibus.

304 2036 474 2070 Liebman
501 2037 578 2070 Iter
604 2036 780 2070 ZlIea-ican.
808 2036 927 2069 inedit.

208 2107 368 2141 Habitat
392 2107 429 2140 in
458 2106 611 2141 Mexico
638 2107 736 2150 apud
765 2106 935 2140 Mirador
958 2105 1188 2149 (Liebman).

206 2165 350 2199 Habitu
391 2166 562 2199 soliorum
600 2171 637 2200 et
680 2165 1033 2209 ampliigastriorum
1074 2165 1120 2198 ad
1153 2165 1196 2198 Ο.
1226 2166 1486 2210 Ριενοφοηὶαήι,
1535 2161 1632 2196 foliis

111 2223 402 2258 involucralibus
437 2225 482 2257 ad
512 2225 554 2258 Ο.
584 2224 725 2258 debilem
757 2224 962 2266 accedens,
1003 2235 1023 2256 a
1061 2234 1134 2268 quo
1167 2227 1291 2257 tamen
1324 2221 1535 2267 perianthio
1569 2232 1631 2254 ore

112 2283 212 2317 nudo
240 2283 330 2327 (nec
354 2283 714 2326 dentato—cristato)
742 2283 876 2317 differt.

110 2387 147 2419 p.
174 2378 258 2409 306.
355 2377 378 2408 5
409 2385 441 2408 c.
484 2375 907 2418 Omphalanthus
932 2375 1167 2410 lusor-ius
1193 2374 1312 2417 Ldbg.
1340 2378 1377 2408 et
1404 2373 1594 2408 Gottsche.

207 2445 250 2479 Ο.
276 2445 373 2480 caule
396 2452 532 2491 repenle
545 2446 701 2490 flexuoso
725 2459 809 2491 vaye
832 2458 978 2486 ramoso,
994 2446 1100 2492 foliis
1120 2447 1288 2490 contiyuz's
1307 2445 1361 2479 vel
1376 2444 1632 2479 subimbricatis

110 2504 451 2538 ovato-acuminatis
482 2505 711 2549 inteqerrimis
744 2504 818 2538 basi
851 2505 960 2538 lobulo
993 2505 1087 2539 nullo
1113 2505 1339 2550 complicatis,
1370 2504 1632 2550 amplriffltstriis

110 2563 319 2597 distantibus
343 2565 620 2597 ovato-rotundis
644 2565 690 2597 ud
713 2565 861 2597 medium
887 2563 1000 2609 bifidis
1025 2564 1226 2605 minoribns,
1246 2565 1458 2610 periantltiis
1469 2565 1631 2610 consertis

109 2624 249 2657 exsertis
274 2622 671 2669 cylindrico—turbinatis
694 2624 794 2669 apice
811 2624 1206 2669 pentayono-anyulatis
1229 2623 1395 2657 subalatis
1419 2623 1581 2658 laevibus.

207 2694 370 2728 Habitat
395 2695 432 2728 in
461 2694 658 2729 Columbia
684 2694 751 2736 (K.
780 2695 920 2728 Miiller
945 2695 982 2728 in
1010 2695 1086 2729 Hb.
1115 2696 1160 2728 G.
1188 2706 1222 2729 n.
1249 2698 1341 2739 32).

207 2753 352 2786 Habitu
381 2753 551 2787 soliorum
584 2754 774 2798 lobulique
806 2754 953 2789 defectu
991 2755 1035 2788 ad
1069 2755 1112 2788 0.
1134 2756 1393 2800 pteroyonium,
1430 2753 1628 2798 perianthii

111 2811 228 2845 forma
256 2813 303 2845 ad
331 2812 375 2846 Ο.
401 2812 598 2847 subalatum
624 2819 661 2847 et
685 2813 783 2848 foliis
810 2814 1105 2848 involucralibus
1137 2825 1221 2847 cum
1252 2813 1403 2858 reliquis
1430 2825 1631 2857 congruus,

110 2870 388 2914 amphigastriis
427 2872 632 2907 minoribus
679 2873 981 2918 distantibusque
1020 2883 1103 2907 cum
1147 2873 1368 2918 insequente
1405 2872 1531 2915 specie
1580 2873 1629 2908 ad

109 2928 312 2973 Lejeunias
338 2929 436 2966 viam
464 2932 572 2976 quasi
597 2944 749 2977 parans.
