1824 3252
194 215 203 245 1
220 215 258 246 14
796 211 1101 256 Jungermannia.

257 335 300 364 γ,
333 325 467 366 minor,
507 326 602 357 caule
640 325 791 358 breviori
823 328 939 359 minus
974 329 1171 372 serpentino
1208 329 1414 373 plerumque
1450 337 1520 362 toto
1561 341 1711 374 repente,

330 386 420 417 soliis
459 385 620 416 consertis
657 384 755 417 valde
796 387 954 418 concavis
988 386 1106 429 rigidis
1144 385 1260 430 (luteis
1304 388 1508 432 ferrugineis
1547 390 1710 423 brunneis

329 443 506 486 suscisve).
557 443 703 474 Sterilis.

307 515 332 542 ’γ
354 512 382 542 1,
408 501 631 545 subinteyra‚
657 503 734 534 sinu
760 502 927 535 foliorum
952 515 1068 548 parvo,
1096 505 1253 537 omnium
1281 506 1410 539 lunato.

304 573 328 601 ’γ
352 568 381 601 2,
408 561 544 605 exiyzca,
572 562 627 593 vix
651 561 741 593 linea
766 561 916 605 longior,
942 564 1020 595 sinu
1045 563 1266 607 profundiori
1294 568 1492 608 angustiori.

303 632 326 660 ’γ
345 627 375 661 3,
398 618 561 665 yracilis,
587 620 658 651 sere
686 621 871 663 capillaris,
900 629 983 654 1-2
1009 623 1115 654 lineas
1142 623 1253 665 longa,
1281 624 1369 656 inter
1395 636 1534 658 muscos
1561 627 1707 659 humiles

406 688 526 719 erecta,
553 679 799 721 nigro-fusca,
827 681 918 712 foliis
944 681 1216 714 subdistamibus
1243 683 1524 717 incumbentibus
1551 687 1708 718 cauliculi

404 739 576 770 diametro
603 750 725 781 parum
751 740 930 772 latioribus
956 741 1033 773 sinu
1059 742 1246 785 profundo.

462 796 509 830 N.
537 796 580 830 ab
607 797 654 831 E.
682 796 704 832 l.
732 810 759 831 c.

280 865 439 900 Habitat
472 867 586 901 dense
625 872 663 902 et
695 868 1116 915 intricato-caespitosa
1154 871 1190 904 in
1242 871 1455 915 regionibus
1496 871 1631 916 alpinis
1672 876 1707 906 et

181 926 389 970 subalpinis
447 937 560 970 super
608 938 704 961 saxa
758 928 853 962 inter
905 939 1055 964 muscos
1107 929 1278 974 putridos
1327 930 1573 965 Germaniae:
1630 930 1703 964 fre-

180 984 426 1029 quentissima
474 985 511 1018 in
558 987 663 1030 sylva
711 987 926 1031 Hercynica
970 989 1162 1032 (Hampe,
1204 989 1435 1034 WVallroth)‚
1478 990 1516 1024 in
1555 990 1707 1024 Sudetis

180 1044 389 1086 montibus,
425 1043 462 1078 in
491 1045 651 1089 Vogesis
679 1046 914 1093 (Mougeot);
954 1049 993 1083 in
1029 1048 1177 1093 alpibus
1207 1049 1413 1083 Helveticis
1437 1049 1705 1093 (Schleicher)‚

178 1104 216 1137 in
245 1104 391 1145 Gallia,
426 1103 615 1149 Hispania
650 1110 743 1148 etc„
780 1117 853 1141 non
887 1119 983 1143 rara.
1033 1107 1124 1142 Var.
1159 1111 1180 1149 β
1206 1111 1249 1150 4,
1287 1114 1453 1149 arcuata,
1488 1108 1525 1142 in
1562 1119 1706 1142 summo

172 1165 265 1209 jugo
292 1163 517 1199 Sudetorum
545 1169 581 1199 et
606 1165 643 1199 in
671 1166 776 1210 sylva
806 1167 1018 1212 Hercynica
1043 1167 1138 1211 (Hb.
1167 1168 1323 1209 Flotov.‚
1354 1167 1399 1201 N.
1427 1171 1464 1202 et
1483 1166 1589 1211 Hp.).

347 1263 403 1294 80.
453 1261 891 1306 Janyermmmia
920 1263 1307 1309 yroenlamlica
1345 1262 1392 1296 N.
1417 1262 1464 1296 ab
1492 1262 1535 1296 E.

272 1331 310 1364 J.
345 1331 606 1376 amplu‘yastriis
629 1332 755 1375 nullis,
792 1333 889 1368 caule
913 1335 1139 1368 adscendente
1163 1333 1313 1379 simplici
1335 1333 1565 1369 diclmtomove
1589 1338 1706 1365 ventre

170 1403 278 1437 parce
302 1389 510 1431 radiculam,
536 1391 643 1436 foliis
677 1393 983 1426 semiverticalibus
1014 1394 1052 1426 in
1077 1394 1176 1426 dorso
1202 1393 1372 1437 contiyuis
1396 1392 1555 1426 mollibus
1581 1392 1702 1425 decur-

176 1450 395 1495 rentibusque
418 1449 683 1485 suborbiculatis
707 1451 1074 1486 convoluto-concavis
1104 1451 1329 1497 subrepaudis
1362 1452 1519 1496 muryine
1553 1450 1704 1485 ventrali

175 1514 318 1542 arcuato
340 1508 420 1541 sinu
444 1508 561 1542 obtuso
586 1509 845 1546 bi—tridmztatis
868 1511 1026 1545 dentibus
1051 1511 1179 1545 obtusis
1204 1511 1352 1545 acutisve
1377 1511 1513 1556 inflexis
1538 1511 1701 1555 inaequa-

175 1568 282 1609 libus,
321 1567 491 1601 involucri
514 1567 621 1612 foliis
647 1569 721 1604 basi
745 1571 901 1605 connatis
926 1570 1056 1617 trifidis
1080 1571 1220 1612 erectis,
1252 1571 1451 1616 periamltio
1475 1570 1614 1604 obovato
1638 1581 1699 1603 an-

171 1625 291 1669 ιιμιῖαίο
317 1638 375 1659 ονε
399 1624 597 1673 4-5-fido
622 1629 846 1664 denticulato.

364 1686 634 1728 Jungermannia
669 1689 927 1722 Groenlaudica
964 1688 1012 1723 N.
1045 1688 1087 1722 ab
1123 1688 1170 1721 Ε.
1207 1688 1243 1721 in
1275 1688 1385 1722 scleed.
1446 1687 1608 1722 Gottsclte
1646 1686 1697 1719 Ic.

451 1742 546 1789 Hel).
576 1745 697 1781 inedit.

270 1814 429 1850 Habitat
462 1814 498 1848 in
527 1816 785 1852 Groenlandia
821 1819 867 1852 ad
902 1823 1057 1861 terram,
1096 1820 1213 1854 denso
1251 1818 1417 1863 caespite
1456 1816 1628 1861 (Ere-utel
1664 1820 1701 1850 et

173 1874 285 1909 Curie
320 1874 357 1907 in
387 1874 462 1907 Hb.
491 1874 713 1911 Flotoviano
749 1888 783 1910 n.
810 1879 880 1920 2),
920 1878 957 1911 in
993 1878 1158 1922 caespite
1191 1878 1497 1924 Junyermanniae
1531 1876 1698 1915 minutae,

173 1945 192 1967 a
228 1933 434 1967 Liebmano
473 1943 493 1966 e
537 1934 794 1971 Groenlandia
832 1937 1050 1972 transmisso
1085 1937 1313 1972 fructiferam
1346 1935 1490 1971 invenit
1524 1939 1561 1969 et
1599 1934 1694 1968 deli-

172 1991 297 2026 neavit
324 1991 514 2026 Gottsche.

269 2063 380 2104 Quod
417 2063 464 2097 ad
500 2064 735 2101 characteres
774 2070 812 2102 et
845 2067 1016 2102 habitum
1044 2068 1215 2112 proxime
1247 2067 1394 2102 accedit
1427 2066 1538 2110 Juny.
1574 2065 1695 2098 Hern-

170 2121 415 2165 sekuchiunae,
455 2123 578 2159 differt
604 2131 727 2160 autem
755 2127 1104 2171 amphigastriorum
1132 2127 1279 2161 defectu
1318 2131 1355 2160 et
1386 2125 1483 2160 foliis
1513 2124 1550 2158 in
1587 2125 1696 2158 dorso

171 2182 292 2226 magis
319 2183 633 2227 amplectentibus
661 2185 698 2220 in
727 2191 855 2220 ventre
881 2187 1109 2221 distantibus
1135 2186 1285 2231 quidem
1312 2184 1617 2228 marginibusque
1642 2181 1694 2216 ita

170 2241 470 2283 conniventibus,
498 2247 539 2277 ut
561 2243 712 2279 dorsum
736 2245 887 2289 plantae
908 2257 1021 2290 saepe
1043 2248 1195 2291 planum
1218 2251 1411 2291 appareat,
1440 2249 1692 2281 verumtamen

171 2300 201 2333 si
229 2299 314 2333 folia
341 2301 532 2344 pressione
560 2304 751 2347 explicata
776 2306 813 2339 in
841 2305 914 2339 situ
941 2317 1008 2340 suo
1035 2306 1307 2350 adspiciuntur,
1340 2309 1491 2349 propter
1517 2302 1695 2346 marginis

170 2358 349 2391 ventralis
386 2370 513 2395 arcum
557 2364 675 2398 caulis
715 2364 785 2399 hoc
825 2365 924 2399 latus
963 2376 1030 2409 per
1064 2365 1263 2399 intervalla
1296 2364 1445 2409 penitus
1483 2362 1689 2398 reconden-

169 2415 283 2451 tibus.
334 2417 508 2455 Ambitus
531 2422 624 2467 folii
657 2423 734 2457 fere
767 2423 1000 2463 orbicularis.
1032 2424 1068 2458 in
1105 2424 1256 2458 iuvenili
1293 2423 1442 2458 surculo
1468 2422 1515 2456 ad
1542 2426 1692 2456 ovatum

170 2475 373 2517 accedens,
408 2478 492 2513 binc
525 2480 613 2515 inde
640 2482 850 2526 repandus;
885 2483 989 2517 sinus
1024 2483 1142 2527 apicis
1168 2484 1340 2524 obtusus,
1365 2482 1476 2516 modo
1502 2480 1694 2524 angustior

170 2538 207 2568 et
234 2535 423 2578 angularis
442 2539 552 2574 modo
570 2540 680 2575 latior
699 2546 736 2576 et
752 2542 999 2583 sublunatus;
1025 2542 1185 2576 laciniae
1206 2543 1349 2581 breves,
1376 2542 1546 2581 obtusae,
1572 2539 1691 2573 rarius

170 2593 428 2628 acutiusculae
455 2602 492 2631 et
517 2597 755 2634 inferioribus
781 2601 877 2635 foliis
903 2602 1129 2647 quandoque
1153 2600 1496 2639 eroso-dentatae;
1523 2598 1690 2641 superior

169 2652 303 2687 minor.
353 2653 397 2687 In
425 2654 625 2692 fructiferis
651 2659 975 2705 adultioribusque
1010 2660 1047 2694 in
1075 2660 1289 2695 universum
1317 2659 1405 2694 folia
1432 2657 1553 2691 trifida
1578 2667 1687 2690 acce-

169 2713 262 2747 dunt
287 2713 434 2748 laciniis
462 2716 713 2760 acutioribus,
740 2719 896 2753 ventrali
924 2731 1037 2764 saepe
1062 2719 1203 2754 maiore
1229 2724 1266 2753 et
1291 2717 1491 2753 obtusiore.
1543 2715 1686 2749 Occur-

170 2777 257 2806 runt
283 2773 395 2807 etiam
420 2772 509 2807 folia
534 2773 692 2818 integra,
728 2778 835 2822 apice
858 2778 1010 2823 oblique
1036 2779 1249 2813 rotundato.
1302 2775 1481 2811 Involueri
1506 2774 1593 2808 solia
1619 2773 1690 2808 tria

170 2829 253 2863 basi
293 2834 478 2873 connata,
518 2844 675 2877 quorum
717 2836 792 2870 duo
826 2837 995 2873 lateralia
1037 2837 1119 2872 basi
1154 2840 1345 2872 contracta
1385 2835 1506 2869 trifida
1544 2832 1688 2867 laciniis

169 2888 290 2923 ovatis
319 2891 562 2927 acutiusculis
587 2893 870 2938 inaequalibus,
905 2897 1055 2931 tertium
1091 2901 1128 2931 et
1161 2896 1259 2931 idem
1292 2894 1459 2930 ventrale
1492 2893 1688 2935 integrum,

171 2947 470 2994 sufflepandum,
506 2951 657 2997 reliquis
684 2953 845 2988 brevius.
917 2956 1076 2991 Textura
1113 2954 1234 2990 mollis
1278 2959 1314 2990 et
1353 2952 1521 2989 flaccida.
1585 2949 1687 2984 Color
