1824 3252
174 177 246 209 226
782 165 1095 209 Mastigobryum.

175 298 350 332 suprema
376 286 530 320 maiora.
575 282 711 316 Differt
737 291 759 314 a
786 280 841 314 Me
868 280 1035 324 seutiam)
1061 279 1158 314 soliis
1185 283 1222 314 et
1249 278 1525 324 ampliigastriis
1551 278 1699 314 brevio-

175 347 279 381 ribus
306 346 493 389 plerisque
520 339 939 384 emarginato-minute
967 339 1193 380 bidentatis,
1227 340 1350 374 colore
1381 341 1605 374 flavescente
1632 343 1703 373 etc.

176 406 307 439 Refert
333 413 481 448 quoque
505 402 561 434 M.
576 400 792 444 ambi-quam,
818 397 1122 441 distinguendum
1150 410 1238 433 vero
1259 399 1538 439 ramifieatione‚
1567 398 1702 437 colore,

174 463 271 497 foliis
297 462 485 506 plerisque
511 458 727 500 bidentatis‚
759 457 944 492 nonnullis
970 457 1258 494 tridenticulatis
1285 458 1405 502 magis
1433 458 1630 501 contiguis.

325 558 383 589 35.
435 552 863 598 Mastiyobryum,
895 551 1276 586 Vincentmum
1302 551 1344 584 L.
1372 554 1408 585 et
1433 551 1551 594 Ldbg.

271 627 326 659 M.
353 625 450 659 caule
469 623 716 670 procumbente
741 624 839 669 apice
864 623 1072 664 dichotomo,
1107 624 1216 658 ramis
1241 624 1466 665 divaricatis,
1492 622 1599 668 foliis
1623 623 1702 656 sub—

174 686 369 720 imbricatis
406 684 548 730 deflexis
592 684 828 728 inteyerrimis
873 683 946 716 basi
980 683 1133 716 convexis
1173 683 1270 729 apice
1301 683 1706 717 truncato-tridentatis

173 745 330 779 dentibus
358 744 595 789 inaequalibus
621 744 842 784 acuminatis,
869 742 1130 788 (inipliiyastriis
1147 743 1340 776 imbricatis
1357 743 1703 788 oblonyo-quadratis

174 805 246 838 basi
279 806 419 839 cordata
453 803 760 850 amplexicanlibns
794 802 952 846 maraine
978 801 1204 847 subrepandis
1234 802 1331 848 apice
1358 802 1526 844 crenatis,
1556 803 1702 848 perian-

175 865 258 899 tlziis
278 863 537 910 pyriformibns
562 864 659 908 apice
679 862 823 908 plicatis
849 874 906 894 ore
931 861 1220 895 inciso-dentatis.

367 923 590 967 Lindenbery
617 927 649 955 et
676 921 838 955 Gottselie
863 920 964 966 Spec.
992 921 1127 965 Hepat.
1154 921 1274 955 inedit.

363 985 634 1026 Jungermannia
653 984 865 1014 vincentiana
884 981 927 1014 L.
941 987 972 1014 et
984 981 1050 1025 Ly.
1065 981 1100 1014 in
1112 980 1232 1014 Lelml.
1244 980 1396 1027 Puffipl.
1410 981 1520 1027 IV.p.
1531 984 1589 1015 59.
1599 993 1633 1014 n.
1644 983 1701 1014 ⁸21.

272 1053 431 1087 Habitat
466 1054 503 1087 in
540 1053 609 1087 Sti.
637 1053 828 1086 Vincentii
863 1052 1009 1093 insula,
1037 1052 1254 1096 praesertim
1290 1053 1326 1087 in
1364 1058 1486 1088 monte
1523 1051 1591 1085 Sti.
1619 1051 1698 1086 An-

173 1113 298 1156 dreae,
328 1114 374 1147 ad
402 1114 576 1147 arborum
604 1113 762 1146 cortices
790 1117 826 1146 et
853 1113 899 1145 ab
928 1122 1054 1146 eorum
1082 1111 1194 1145 ramis
1221 1112 1390 1154 pendens
1415 1111 1510 1156 (Hb.
1540 1111 1645 1155 ΗΚ).

236 1210 294 1240 36.
345 1206 772 1253 Mastiyobryum
798 1205 1214 1239 Breutelianum,
1241 1204 1360 1247 Ldbg.
1388 1208 1425 1238 et
1451 1204 1642 1238 Gottsche.

267 1278 322 1311 M.
351 1278 448 1311 caule
469 1277 714 1323 procumbente
741 1277 943 1317 dichotomo,
959 1277 1066 1321 soliis
1090 1276 1282 1310 imbricatis
1307 1277 1462 1310 converis
1487 1276 1597 1309 oratis
1622 1275 1700 1308 sab-

171 1338 310 1383 clejfleaeis
334 1338 493 1381 marfsine
518 1336 672 1370 ventrali
696 1336 912 1369 rectiuscnlis
944 1337 1041 1381 apice
1065 1337 1326 1370 subrotandatis
1358 1335 1700 1370 eroso-tridenticn-

170 1396 253 1431 latis
277 1397 434 1430 dentibus
460 1396 613 1429 brevibus
638 1395 875 1441 inaequalibus
900 1396 1012 1429 acutis
1036 1396 1308 1437 snbcrenalatis,
1336 1394 1598 1440 amplaiyastriis
1621 1393 1699 1427 sub-

172 1457 365 1491 imbricatis
391 1457 755 1501 oblongae-quadratis
773 1455 1075 1489 suborbiculatisve
1115 1455 1188 1489 basi
1222 1455 1373 1488 cordatis
1408 1454 1503 1499 apice
1529 1453 1701 1486 truncatis

169 1516 415 1560 irreynlariter
440 1517 641 1552 tricrenatis
665 1515 938 1557 denticulatisve,
960 1514 1172 1561 periantliiis
1196 1514 1417 1561 cylindrico-
1433 1514 1580 1559 triqonzs
1604 1515 1701 1559 apice

170 1576 379 1620 (ιηῃηεέαίίε,
405 1587 462 1608 ονε
486 1575 593 1608 inciso
607 1596 622 1601 -
638 1575 801 1608 dentatis.

364 1634 585 1679 Lindenbety
612 1641 644 1668 et
672 1634 837 1668 Gottsebe
863 1635 963 1680 Spec.
991 1635 1125 1681 Hepat.
1152 1635 1275 1669 inedit.

269 1704 429 1739 Habitat
454 1695 493 1740 in
522 1706 591 1741 Sti.
621 1706 878 1750 Christophori
906 1706 1030 1741 insula
1058 1707 1107 1740 ad
1133 1710 1296 1741 montem
1323 1704 1501 1740 Miseriae
1533 1704 1703 1749 (Breutel

169 1763 208 1796 in
237 1764 313 1797 Hb.
343 1766 419 1810 G.).

267 1836 487 1870 Proximum
513 1837 754 1880 praecedenti
789 1837 870 1881 (M.
903 1838 1126 1883 Vincentino)
1160 1838 1225 1872 sed
1262 1835 1570 1880 distinguendum
1604 1832 1702 1867 foliis

169 1892 292 1926 minus
320 1893 476 1929 deflexis
503 1896 670 1939 margine
697 1897 854 1930 ventrali
881 1897 1004 1930 minus
1038 1898 1203 1930 curvatis
1231 1897 1428 1940 minusque
1457 1895 1535 1928 basi
1564 1894 1697 1926 decur-

169 1952 336 1985 rentibus
363 1954 506 1996 ovatis,
542 1954 661 1998 apicis
689 1955 864 1989 dentibus
892 1956 1127 1990 brevioribus
1157 1956 1213 1989 vel
1241 1955 1439 1996 obsoletis,
1472 1953 1569 1988 foliis
1605 1964 1697 1987 non-

169 2011 281 2045 nullis
307 2011 477 2046 nimirum
499 2014 616 2047 erosis
635 2015 694 2048 vel
724 2015 798 2048 fere
824 2015 1084 2057 integerrimis,
1111 2015 1323 2058 periantbio
1346 2014 1551 2058 cylindrico
1577 2014 1701 2048 medio

171 2079 245 2104 non
273 2071 415 2115 inflato,
444 2073 532 2107 folio
560 2073 780 2108 involuerali
809 2067 941 2108 intimo
968 2075 1134 2118 longiore
1161 2075 1280 2118 magis
1309 2074 1441 2109 inciso.

463 2168 524 2201 37.
574 2167 1004 2214 mastigam-yma
1030 2168 1264 2203 Ilook‘em‘
1291 2168 1411 2211 Ldbg.

267 2235 323 2268 M.
358 2235 455 2269 caule
484 2237 728 2281 procumbente
759 2237 917 2282 elonyato
951 2239 1048 2284 apice
1083 2239 1271 2273 dichotome
1295 2239 1512 2279 sabrmnoso,
1542 2238 1700 2284 flayellis

169 2293 300 2328 crebris
333 2295 564 2337 brevioribus,
593 2296 700 2341 foliis
738 2297 931 2331 imbricatis
962 2311 979 2331 e
1017 2299 1090 2332 basi
1128 2299 1202 2332 lata>
1239 2298 1374 2344 oblique
1410 2299 1519 2332 ovatis
1558 2298 1700 2344 deflexis

169 2355 341 2388 truncatis
366 2355 566 2389 triclentatis
591 2356 749 2390 dentibus
773 2357 940 2391 subrectis
965 2359 1200 2402 inteyerrimis
1215 2359 1324 2392 medio
1332 2358 1537 2404 plerumque
1556 2357 1697 2397 maiore,

168 2414 431 2459 amplziyastriis
461 2415 717 2449 subimbricatis
752 2417 927 2461 adpressis
955 2417 1078 2463 planis
1112 2418 1360 2464 sanuadratis
1389 2418 1488 2463 apice
1514 2423 1694 2451 truncato-

168 2473 402 2518 inaequaliter
425 2474 779 2520 sanuadricrenatis‚
795 2476 927 2520 fructu
954 2503 961 2510 .
991 2503 999 2510 .
1027 2503 1036 2511 .

364 2533 589 2579 Lindenbery
617 2541 649 2568 et
679 2534 843 2569 Gottsclie
868 2536 970 2582 Spec.
999 2537 1132 2583 Hepat.
1158 2536 1283 2571 incdit.

265 2603 427 2637 Habitat
460 2605 498 2638 in
538 2606 666 2639 Insula
703 2606 928 2652 Guadelupa
969 2609 1067 2653 (Hb,
1097 2609 1176 2644 Hk.
1210 2619 1246 2642 n.
1274 2610 1332 2642 26.
1367 2608 1436 2642 sub
1474 2607 1623 2643 nomine
1656 2607 1695 2642 J.

169 2662 351 2697 trilobatae
376 2674 454 2697 var.
481 2664 520 2698 in
549 2664 625 2699 Hb.
654 2665 695 2700 L.
724 2670 760 2699 et
786 2667 884 2712 Lg.).

265 2733 455 2768 Foliorum
481 2735 598 2769 forma
625 2735 745 2771 simile
771 2737 827 2771 M.
856 2738 1030 2779 trilobato,
1069 2739 1134 2772 sed
1164 2737 1441 2781 amphigastriis
1465 2749 1536 2772 non
1569 2738 1692 2772 denti-

169 2793 305 2828 culatis
331 2793 648 2837 distinguendum.
701 2796 879 2831 Pluribus
906 2797 1016 2839 notis,
1043 2798 1261 2842 praesertim
1288 2783 1399 2832 etiani
1420 2796 1695 2841 amphigastriis

169 2852 316 2887 accedit
341 2854 388 2888 ad
415 2854 471 2888 M.
496 2855 744 2901 stolomferwn,
775 2857 840 2890 sed
869 2857 965 2892 foliis
992 2858 1214 2892 instructum
1241 2862 1299 2892 est
1325 2856 1558 2894 brevioribus
1584 2861 1691 2891 trun-

169 2911 265 2947 catis
291 2913 672 2960 subaequaliter-vel
699 2916 810 2952 dente
836 2917 958 2952 medio
984 2918 1123 2953 maiore
1149 2918 1371 2954 tridentatis.
