1824 3252
156 214 228 246 540
836 209 1012 245 Preissia.

438 326 485 358 Ν.
510 324 554 358 ab
582 323 628 357 E.
655 322 678 355 l.
704 335 730 356 c.
754 335 790 368 p.
823 325 901 357 120.

435 383 643 416 Marchanzia
671 392 881 415 commutata
910 395 976 415 var.
1003 385 1025 423 β
1052 385 1167 415 minor
1193 392 1225 416 et
1250 393 1275 422 γ
1292 384 1404 416 media
1435 383 1635 429 Biscltqffl.
1653 397 1680 417 ι’.

484 454 523 488 p.
549 445 634 477 996.
662 448 688 475 t.
714 443 773 475 69.
789 442 828 487 f.
859 441 936 489 lv..

433 503 665 535 Marchantiae
701 502 991 545 hemisphaericae
1028 502 1140 533 forma
1171 501 1319 533 secunda
1357 500 1471 536 Hoak.
1507 508 1538 535 et
1579 502 1679 548 Tayl.

490 561 606 596 Illusc.
631 560 732 595 Brit.
759 559 783 594 l.
809 571 837 593 c.
858 571 898 606 p.
925 562 1008 594 223.

297 632 319 668 β
339 633 371 674 ²³,
394 630 546 676 yibbosa,
575 633 685 664 cristis
713 633 921 676 receptaculi
948 631 1114 674 gibbosis.

433 691 482 725 N.
509 690 552 724 ah
580 690 627 725 E.
655 689 678 724 l.
705 702 732 724 c.
753 702 792 736 p.
823 692 904 724 120.
930 709 977 714 -
1004 688 1145 736 Hampe
1172 689 1268 735 Hel).
1292 689 1410 724 Germ.
1436 692 1551 725 coesiec.
1575 703 1607 726 n.
1623 694 1681 725 79.

430 751 576 782 Prelssia
603 759 813 784 commutata
840 762 909 783 var.
935 751 1147 783 tuberculata
1176 749 1316 796 Hampe
1342 750 1377 783 in
1404 748 1472 784 litt.

345 822 460 854 Variat
485 833 590 866 porro

234 903 270 933 γ,
299 894 485 926 involucris
512 893 672 925 femineis
701 899 799 929 2-3,
828 893 936 924 rarius
966 898 1004 932 5,
1031 894 1329 936 mono—uicarpis,
1357 893 1565 936 quaudoque
1594 894 1680 926 binis

297 951 445 996 diearpis
473 953 636 996 oppositis
675 954 882 995 alternisque
911 952 1085 985 abortivis.
1137 953 1337 985 Occurrunt
1364 955 1466 986 etiam
1493 955 1681 997 specimina

296 1013 514 1054 receptaculo
543 1011 738 1051 dimidiato,
765 1021 797 1044 et

234 1083 263 1121 δ,
298 1084 521 1126 receptaculis
546 1083 587 1114 ab
616 1084 719 1115 altera
745 1092 840 1126 parte
869 1084 1028 1116 femineis
1056 1085 1097 1116 ab
1124 1076 1227 1116 alte‘ra
1255 1092 1368 1116 autem
1396 1084 1569 1115 masculis.

432 1141 479 1175 N.
505 1140 549 1174 ab
577 1141 624 1174 E.
651 1140 674 1174 l.
700 1153 729 1175 c.

431 1199 600 1246 Bisclzoff'
609 1200 632 1233 l.
651 1213 679 1234 c.
696 1213 732 1246 p.
744 1203 828 1235 995.
867 1200 981 1236 IIook.
996 1207 1028 1234 ct
1046 1201 1148 1248 Tayl.
1168 1201 1282 1236 IVIusc.
1300 1201 1402 1235 Brit.
1427 1202 1478 1234 ed.
1492 1204 1580 1246 221.
1595 1204 1678 1235 225.

249 1271 408 1305 Habitat
440 1270 479 1304 in
519 1271 665 1306 collinis
700 1275 738 1305 et
777 1272 986 1314 montanis,
1026 1272 1229 1316 praecipue
1265 1273 1344 1307 solo
1382 1272 1552 1307 calcareo
1592 1272 1678 1312 udo,

150 1340 266 1374 supra
307 1334 344 1364 et
378 1330 474 1364 inter
509 1341 678 1371 muscos,
718 1330 764 1365 ad
805 1342 900 1365 saxa
938 1336 1010 1367 etc.
1050 1333 1165 1366 totius
1198 1333 1374 1376 Europae
1412 1338 1450 1366 et
1485 1331 1679 1366 Americae

151 1389 323 1423 borealis.
375 1389 465 1423 Var.
492 1392 514 1429 β
533 1392 553 1411 ³³⁵
580 1390 617 1424 in
644 1389 842 1435 gypsaceis
870 1390 1056 1425 montanis
1091 1391 1306 1435 Hercyniae
1343 1390 1578 1426 australioris
1611 1402 1674 1425 co-

149 1448 266 1492 piose,
292 1449 410 1491 Maio,
434 1449 632 1494 (Hampe).

246 1519 415 1555 Adnot.
481 1521 700 1566 „Frequens
745 1521 845 1565 apud
894 1532 962 1556 nos
1004 1522 1123 1557 forma
1162 1522 1378 1567 oligocarpa
1430 1523 1677 1567 receptaculis

147 1577 539 1621 cruciato-costinis,
581 1581 765 1615 accedens
800 1581 857 1616 M.
883 1583 1075 1627 quadratae
1112 1582 1310 1624 Bischoff.,
1348 1582 1414 1616 sed
1446 1582 1571 1616 discos
1606 1593 1672 1616 an—

147 1636 396 1673 theridiiseros
421 1639 570 1674 sessiles
598 1651 788 1685 nunquam
815 1636 932 1676 vidi'.“
981 1640 1059 1685 (De
1087 1641 1175 1677 Not.
1203 1642 1239 1676 in
1266 1641 1392 1676 sohed.
1421 1640 1497 1674 Hb.
1529 1640 1617 1684 Hp.)

465 1756 479 1787 ἵ
504 1756 538 1788 2.
589 1755 835 1790 freis-sia
862 1756 1136 1800 quadrata
1163 1754 1211 1790 N.
1240 1754 1287 1788 ab
1314 1754 1357 1788 E.

243 1822 312 1857 Pr.
340 1823 566 1870 receptaculis
591 1825 754 1860 masculis
778 1825 1036 1871 (lise-{formibus
1060 1824 1254 1867 sessilibus,
1277 1825 1518 1871 feminearum
1550 1823 1676 1869 anyulo

133 1880 483 1926 fibroso-barbulaw,
497 1884 632 1929 fronde
655 1885 837 1920 obcorclaca
863 1898 881 1920 e
906 1887 985 1920 sinu
1009 1887 1206 1920 innovante.

339 1953 485 1986 Preissia
536 1955 700 1997 quadrata
741 1956 789 1990 N.
824 1955 867 1990 ab
902 1957 949 1991 E.
998 1957 1093 2002 Hep.
1134 1957 1225 1990 Eur.
1253 1956 1336 1992 *1V.
1368 1968 1411 2001 p.
1451 1958 1528 1989 135.
1565 1966 1600 1988 n.
1639 1956 1671 1986 2.

416 2024 456 2057 p.
483 2011 608 2046 LXV.
634 2025 667 2046 n.
695 2017 731 2047 2.

338 2070 550 2104 Marchantia
578 2073 742 2115 quadrata
769 2073 869 2120 Scap.
896 2073 959 2109 Fl.
987 2074 1096 2108 Carv.
1122 2075 1173 2108 ecl.
1199 2076 1234 2107 Q.
1263 2074 1315 2108 II.
1338 2085 1375 2119 p.
1402 2076 1484 2107 355.
1511 2084 1546 2106 n.
1570 2073 1671 2105 1357.

424 2136 450 2164 t.
483 2132 543 2164 63.
593 2130 763 2178 Bischqff
793 2133 832 2166 in
870 2133 959 2167 Nov.
998 2133 1080 2168 Act.
1116 2133 1183 2168 Ac.
1222 2133 1307 2167 Nat.
1344 2132 1429 2166 Cur.
1467 2130 1602 2165 XVII.
1637 2131 1671 2164 2.

415 2201 455 2235 p.
486 2192 590 2225 1000.
617 2202 652 2226 π.
679 2195 714 2226 4.
741 2198 768 2226 t.
793 2192 907 2236 69.f.
930 2195 965 2227 5.

246 2258 404 2294 Habitat
443 2261 491 2295 ad
530 2272 626 2296 saxa
665 2265 705 2296 et.
746 2273 871 2298 muros
907 2263 1136 2297 Germaniae
1173 2262 1367 2304 australis;
1406 2262 1443 2296 in
1483 2260 1672 2296 Carnioiia

147 2316 351 2362 (Scopoli),
379 2329 494 2364 prope
522 2320 662 2355 Idriam
689 2320 838 2366 (Waltl.
864 2322 966 2366 apud
995 2322 1203 2368 Bischoff.).

446 2435 469 2474 †
519 2433 762 2468 Preissia
789 2433 846 2479 (ἲ)
871 2435 1150 2469 cucullata
1176 2434 1230 2468 Μ.
1267 2439 1304 2469 et
1333 2434 1381 2469 N.

241 2503 434 2547 Momayne
457 2504 496 2538 in
523 2504 657 2539 Amzal.
685 2506 741 2539 cles
765 2517 810 2540 sc.
837 2509 871 2540 2.
898 2506 1000 2541 sbrie
1025 2505 1098 2540 IX.
1134 2503 1260 2549 (1838)
1281 2518 1319 2551 p.
1346 2508 1403 2540 44.
1432 2519 1465 2541 η.
1494 2510 1549 2541 77.
1577 2515 1607 2541 ec
1635 2508 1668 2541 in

144 2559 340 2608 ‹I'Orbiyny
370 2563 505 2609 Voyaqe
529 2564 614 2598 (lans
639 2563 790 2598 l'Ambr.
817 2566 941 2616 meriti.
962 2578 1002 2612 p.
1029 2568 1088 2600 56.

238 2632 282 2666 In
322 2644 438 2678 regno
477 2633 644 2669 Chilensi
683 2635 729 2677 ad
771 2639 909 2670 terram
954 2636 1092 2670 nudam
1145 2637 1314 2680 legerunt
1352 2637 1396 2671 cl.
1440 2638 1593 2673 Bertcro
1633 2645 1669 2673 et

143 2689 351 2735 d‘Orbigny
375 2692 514 2736 (Mont.
541 2693 578 2728 in
606 2694 682 2728 Hb.
712 2694 760 2728 N.
787 2705 823 2729 n.
853 2695 948 2741 104).

239 2761 478 2808 Quamquam
514 2768 659 2799 tantum
695 2764 847 2800 frondes
885 2758 1031 2801 steriles
1064 2767 1244 2808 vidimus,
1286 2772 1410 2803 tamen
1447 2779 1466 2802 e
1499 2769 1666 2803 loborum

143 2820 280 2861 figura,
316 2821 458 2858 frondis
494 2827 702 2866 structura,
749 2824 884 2859 areolis
919 2825 1129 2870 superficiei
1161 2829 1199 2860 et
1236 2827 1401 2871 squamis
1437 2828 1666 2862 ventralibus

142 2877 353 2914 certissime
388 2881 436 2916 ad
468 2882 592 2916 locum
625 2883 830 2926 genuinum
865 2885 1044 2920 reducere
1070 2895 1281 2929 possumus.
1335 2887 1401 2921 Est
1426 2897 1515 2921 sane
1542 2887 1665 2922 Lunu-

141 2936 231 2971 laria
257 2937 422 2984 vulyarz's.
459 2941 522 2985 (N.
550 2942 597 2976 ab
626 2942 700 2987 E.).
