1824 3252
162 192 234 226 222
765 180 1075 224 Mastigobryum.

357 296 571 340 Lindenbery
596 302 628 329 et
655 293 812 327 Gottsclze
837 293 933 339 Spec.
960 293 1091 339 Hepat.
1118 292 1236 327 incdit.

359 358 557 400 Herpeiium
585 362 701 396 patens
723 352 914 395 Montayne
939 351 976 384 in
1002 351 1136 390 Annal,
1163 352 1218 385 des
1242 363 1286 385 sc.
1315 358 1388 385 nat.
1422 356 1522 388 1843.
1551 354 1679 388 Not-br.

435 415 472 448 p.
499 404 582 435 295.
609 413 641 432 n.
668 402 727 433 63.
781 399 914 444 Voyafse
942 399 1070 432 Bonite
1096 399 1217 445 Crypt.
1245 406 1269 432 t.
1303 401 1431 446 149.f.
1459 405 1492 436 2.

262 463 421 497 Habitat
468 461 504 493 in
548 457 685 492 Insulis
732 458 1055 491 Sandvicensibus
1114 458 1158 491 ad
1208 458 1420 493 Hookeriam
1469 461 1683 507 Freycinetii

166 523 376 567 parasitans
405 517 670 563 (Gaudicliaud
698 516 734 550 in
766 517 838 550 Hb.
870 516 953 560 M).

261 581 367 614 Obs.
427 577 556 611 Differ-t
583 586 604 609 a
630 574 870 622 Blasii-cohme
897 576 1014 609 Novae
1038 574 1250 608 Hollcmdiae
1281 587 1303 606 οε
1336 575 1431 610 foliis
1458 576 1564 610 aliter
1589 587 1678 610 con-

166 639 352 679 formatis,
384 635 551 671 dentium
588 634 658 667 sub
694 634 800 678 apice
834 634 1003 674 defectu,
1041 634 1317 677 ampliigastriis
1352 634 1544 679 quadratis
1578 635 1682 668 alteri

164 697 251 731 folio
276 696 460 731 connatis.
487 714 534 719 —
562 694 842 728 Iussoresceutia
867 693 1035 727 mascula
1062 697 1205 727 tantum
1234 694 1311 728 visa
1337 694 1588 739 (Montagne).

388 776 447 809 23.
499 772 924 818 Mastiyobrynm
952 770 1322 808 sechem-§amum
1349 772 1467 816 Ldbg.

261 832 315 866 M.
341 832 435 866 caule
454 831 693 879 procumbente
712 844 817 877 parce
843 843 974 864 ramoso
989 830 1147 876 flayellis‘
1172 830 1326 865 brevibus
1350 833 1459 873 raris,
1488 833 1593 878 foliis
1617 834 1682 867 im-

164 890 306 925 bricatis
330 892 404 926 basi
427 894 584 938 apiceqne
598 890 859 925 decrescentibus
878 889 1192 924 ovato-lmzceolatis
1205 890 1493 926 subliuearibusve
1511 892 1685 939 subplanis

164 949 238 983 basi
263 951 413 984 incurris
437 953 530 998 apice
552 951 682 996 oblique
707 939 1011 983 truncato—acutis
1036 950 1295 995 tridentate‘sque
1319 950 1472 985 dentibus
1493 953 1683 986 eremdato-

164 1010 383 1044 denticulatis
413 1012 520 1045 'medio
548 1011 751 1057 plcrmnqne
789 1010 918 1042 maim-e
954 1009 1108 1053 maryine
1141 1009 1389 1052 inteyerrimis,
1426 1012 1685 1056 (mtplu'ya-s-triis

164 1069 403 1103 ‹lissitiusezdis
436 1070 612 1116 subplanis
641 1068 774 1115 patulis
808 1067 1271 1101 rotmnlo-transversalibus
1302 1070 1686 1104 crenato-denticzdatis

165 1127 281 1160 liberis
305 1127 484 1163 obsolctere
509 1131 674 1169 connatis,
691 1128 819 1174 fructu
850 1153 856 1160 .

358 1189 573 1234 Lindenbety
599 1196 631 1223 et
658 1187 815 1221 Gottsclie
840 1186 938 1231 Spec.
966 1186 1094 1232 Hepat.
1121 1186 1238 1220 inedit.

266 1247 424 1282 Habitat
450 1249 487 1282 in
516 1249 625 1282 Nova
653 1245 857 1281 Hollandia
882 1245 1032 1288 (Sieber
1059 1246 1142 1280 coll.
1171 1257 1206 1280 n.
1232 1247 1307 1291 53).

264 1306 384 1341 Caulis
415 1310 534 1342 6-12
561 1306 728 1345 lineariS,
765 1304 912 1348 flagelio
947 1315 1021 1338 uno
1056 1305 1220 1339 alterove
1251 1306 1452 1340 instructus
1488 1307 1541 1341 vel
1576 1308 1685 1351 plane

167 1367 399 1409 etlagellaris,
427 1367 585 1410 simplex
613 1370 677 1400 aut
703 1364 941 1398 innovatione
976 1364 1076 1398 brevi
1106 1366 1309 1408 praeditus.
1349 1366 1453 1400 Folia
1479 1367 1685 1407 imbricata,

166 1438 184 1458 a
215 1426 293 1459 basi
324 1427 369 1459 ad
398 1427 562 1460 medium
589 1425 726 1460 sensim
755 1423 897 1457 maiora
926 1423 1031 1467 apice
1061 1435 1189 1457 rursus
1216 1424 1481 1465 decrescentia,
1515 1426 1687 1463 disticha.

162 1485 366 1527 explanata
399 1485 453 1518 vel
481 1486 607 1529 paullo
633 1483 792 1523 deflexa,
822 1493 996 1526 suprema
1022 1483 1268 1516 erectiuscula
1296 1494 1315 1517 e
1345 1483 1424 1517 basi
1450 1489 1560 1517 ovata
1589 1496 1682 1519 non-

165 1543 254 1576 nihil
291 1544 370 1587 (sed
409 1543 534 1576 minus
569 1554 679 1587 quam
717 1542 753 1575 in
788 1542 843 1575 M.
872 1542 989 1575 Novae
1023 1541 1255 1588 Hollandiae)
1291 1542 1420 1577 latiore
1456 1543 1503 1576 ad
1540 1544 1683 1586 apicem

165 1606 382 1645 angustata,
418 1612 438 1635 a
473 1602 594 1636 medio
620 1602 705 1635 inde
733 1601 789 1634 vcl
819 1600 1026 1634 lanceolata
1053 1601 1108 1634 vel
1137 1600 1313 1641 linearia,
1345 1602 1512 1644 margine
1546 1603 1683 1636 dorsali

166 1659 244 1693 basi
265 1659 496 1704 aliquantum
516 1661 682 1699 incurva,
699 1659 949 1701 integerrima,
969 1659 1075 1702 apice
1094 1663 1266 1693 truncata
1283 1664 1319 1693 et
1334 1661 1455 1695 medio
1470 1661 1507 1695 in
1528 1672 1684 1695 acumen

165 1719 359 1762 producta,
387 1720 442 1754 vel
470 1720 583 1753 etiam
603 1719 816 1759 tridentata‚
844 1718 1019 1752 dentibus
1038 1718 1252 1752 lateralibus
1269 1718 1434 1761 minutis,
1460 1721 1682 1755 eroso-sub-

165 1779 378 1813 crenulatis.
430 1779 597 1812 Textura
623 1778 751 1820 densa,
780 1779 926 1812 areolae
952 1777 1176 1821 marginales
1203 1778 1368 1814 minutae
1396 1781 1686 1825 subquadratae,

166 1837 311 1871 mediae
338 1837 558 1881 praesertim
584 1837 629 1870 ad
659 1837 766 1870 basin
794 1836 870 1870 folii
899 1837 1069 1870 maiores.
1104 1837 1214 1871 Color
1241 1837 1380 1871 viridis.
1421 1839 1686 1885 Anzpleiyastr·ia

166 1894 262 1928 foliis
287 1898 310 1929 3
329 1898 414 1928 —4-
433 1895 494 1938 plo
520 1894 687 1935 minora,
723 1894 998 1935 dissitiu‘scula,
1033 1895 1228 1938 subplana,
1256 1896 1384 1938 patula
1412 1897 1467 1930 vel
1496 1898 1686 1941 adpoessa,

167 1939 374 1988 transverse
400 1954 571 1995 rotunda,
599 1953 765 1996 margine
791 1947 1235 1986 menate-denticulata.>
1277 1953 1435 1989 Fructus
1461 1954 1622 1998 ignotus.

262 2012 296 2046 A
329 2012 385 2045 M.
419 2025 522 2053 eroso,
559 2014 666 2047 cuius
702 2023 779 2047 var.
808 2015 830 2053 β
857 2012 953 2046 foliis
981 2012 1208 2055 longioribus
1238 2012 1379 2057 apicem
1407 2025 1537 2048 versus
1565 2026 1683 2059 angu-

168 2068 274 2104 statis
300 2069 451 2111 similis,
480 2071 575 2105 foliis
602 2071 725 2106 minus
751 2072 908 2106 deflexis
935 2072 1191 2115 distinguitur,
1218 2073 1373 2116 flagellis
1399 2074 1512 2116 raris,
1541 2077 1687 2120 amphi-

167 2129 317 2173 gastriis
353 2129 604 2165 denticulatis.
666 2131 722 2165 M.
756 2138 941 2171 acm-etum,
976 2131 1139 2165 maxime
1174 2131 1292 2172 affine,
1328 2132 1450 2166 differt
1484 2133 1579 2168 soliis
1612 2147 1685 2171 non

166 2189 203 2222 in
231 2189 381 2233 longius
408 2199 566 2223 acumen
593 2189 776 2234 elongatis
811 2201 879 2224 nec
913 2189 995 2223 sinu
1030 2189 1126 2224 inter
1160 2190 1291 2224 dentes
1333 2191 1449 2234 apicis
1483 2194 1685 2239 erenulato,

169 2249 447 2293 amphigastriis
475 2249 643 2284 connatis
670 2251 802 2284 obtuse
828 2249 1138 2294 quadricrenatis.

327 2322 386 2354 24.
436 2320 859 2367 Mastiyobryum
885 2323 1155 2356 acca-etum
1181 2322 1222 2356 L.
1249 2327 1286 2356 et
1311 2322 1430 2366 Ldbg.
1459 2323 1531 2357 Ms.

262 2378 318 2412 M.
344 2379 439 2413 caule
466 2379 707 2426 procumbente
728 2380 882 2426 flexuoso
915 2379 1128 2426 subsimplice
1160 2382 1254 2426 apice
1287 2383 1509 2421 decrescente,
1534 2381 1687 2427 flayelle's

168 2438 262 2470 dense
274 2437 433 2483 folz'osiS‚
448 2439 553 2484 foliis
577 2440 826 2485 adproximatis
852 2438 1038 2473 linearibus
1061 2441 1212 2474 convexis
1236 2440 1371 2486 drfleaeis
1393 2440 1488 2485 apice
1511 2447 1685 2474 truncato-

169 2496 394 2541 inaequaliter
418 2499 615 2532 triclentatis
639 2498 880 2543 integerrc‘mis,
906 2498 1166 2543 {mephifflzstrlis
1190 2498 1429 2532 dissitiuseulis
1461 2505 1684 2544 orato-qua-

168 2556 279 2588 dratis
301 2556 397 2600 apice
416 2559 552 2602 patenti
561 2557 717 2604 -refleris
751 2557 862 2590 obtuse
892 2558 1165 2602 qztaclricrenati's
1191 2557 1362 2603 plerisque
1394 2557 1467 2590 basi
1491 2570 1565 2591 cnm
1581 2558 1687 2604 jblz'is

168 2614 333 2653 connatis,
352 2617 562 2660 periantlziis
588 2643 595 2650 .

362 2674 577 2721 Linclenbery
600 2683 631 2709 et
659 2674 814 2708 Gottsclze
839 2675 935 2721 Spec.
962 2675 1091 2721 Hepat.
1116 2675 1235 2708 inedit.

267 2732 426 2766 Habitat
449 2734 486 2768 in
517 2735 624 2769 Nova
653 2734 857 2768 Hollandia
884 2734 976 2778 (Hb.
1001 2735 1107 2780 Hk.).

266 2791 403 2827 Minori
436 2795 598 2834 statura,
630 2793 785 2836 flagellis
813 2798 913 2827 arcte
939 2793 1101 2836 foliosis,
1138 2792 1234 2828 foliis
1266 2794 1448 2838 elongatis
1483 2794 1685 2828 linearibus

171 2850 338 2894 margine
371 2861 517 2896 semper
554 2851 819 2896 integerrimis,
859 2852 1134 2896 amphigastriis
1172 2852 1359 2887 nonnullis
1397 2852 1522 2888 liberis
1554 2852 1684 2887 obtuse

171 2908 331 2943 crenatis
359 2920 379 2943 a
406 2909 461 2943 M.
490 2910 606 2944 Novae
631 2910 840 2945 Hollandiae
864 2911 1010 2946 differre
1038 2912 1193 2946 videtur.
1499 2908 1502 2912 ’
