1824 3252
138 218 208 249 518
763 209 1061 254 Plagiocbasma.

137 328 358 363 Rousseliani
397 325 594 370 ponenda;
629 323 680 357 nil
715 327 870 358 exstant
907 322 976 356 nisi
1012 322 1172 357 frustula
1198 322 1338 357 sterilia
1372 323 1408 357 in
1438 324 1513 359 Hb.
1541 325 1667 360 Lelun.

133 393 171 422 et
206 388 296 422 lcon
325 385 581 420 Gottscheana
619 394 734 427 supra
761 383 887 425 citata,
931 381 977 415 ad
1006 381 1173 416 frondem
1209 382 1435 417 fructiferam
1467 384 1667 419 delineata.

134 446 281 489 Pagina
309 444 449 479 frondis
476 443 631 478 inferior
660 443 810 484 viridis,
838 441 1005 487 squamis
1032 441 1388 476 ovato-lanceolatis
1415 442 1521 487 apice
1548 444 1664 478 inter·

132 506 220 538 dum
249 504 370 538 bifidis
397 504 444 537 ad
471 503 633 537 mediam
662 502 896 536 latitudinem
925 505 1043 542 tecta3
1071 500 1349 544 receptaculum
1369 504 1667 546 2-3-carpum,

132 564 168 597 in
197 563 320 596 media
349 563 478 598 fronde
507 561 729 602 solitarium,
757 561 994 606 pedunculus
1021 559 1145 595 brevis
1173 560 1252 596 basi
1282 571 1401 604 aeque
1428 571 1472 595 ac
1493 567 1663 606 recepta-

131 624 255 657 culum
284 623 416 657 subtus
442 622 562 667 paleis
589 622 683 657 raris
710 631 968 665 conspersum.

178 707 211 738 9.
262 704 683 750 Plagiochasma
711 701 1185 737 Col-§nrannae‘anuoen
1212 701 1339 735 Lehm.
1364 706 1401 736 et
1428 702 1622 737 Gottsche.

227 774 288 807 Pl.
313 775 446 819 froude
478 773 705 808 subcontinuat
738 773 867 807 lineari
901 772 1051 818 simplici
1083 772 1138 807 vel
1168 773 1216 807 acl
1238 773 1388 807 medium
1413 785 1519 819 ‘easque
1545 774 1665 818 bifida,

126 834 276 876 squamis
299 833 512 868 veneralibus
537 832 881 873 ovato-lanceolatis,
903 831 1086 878 fructibus
1110 833 1270 873 εθνὶαἰίε,
1302 832 1495 878 pedum-ulo
1520 832 1668 878 lmzyiori

128 890 199 924 basi
227 892 340 937 paleis
374 893 490 927 rubris
529 893 640 927 densis
681 892 912 932 involuerato,
955 891 1166 938 receptaculo
1196 892 1355 937 femineo
1393 894 1666 940 mono-dicmpo

126 950 244 986 subcus
279 952 375 997 lon-qe
401 951 558 987 barbato.

318 1013 596 1056 Antroceplialus
645 1013 836 1055 nepalensis
900 1010 1022 1044 Leltm.
1066 1017 1097 1044 et
1133 1009 1304 1056 ΒὶεθῘιρθ1
1340 1010 1379 1044 in
1424 1010 1506 1047 Aet.
1552 1012 1663 1047 Acad-

409 1061 497 1094 Ναί.
527 1060 613 1094 Cur.
640 1059 799 1093 XVIII.
818 1062 853 1092 2.
876 1062 1012 1105 p.682.
1064 1057 1187 1092 Lelmz.
1216 1057 1312 1103 Puy.
1334 1057 1386 1103 pl.
1414 1058 1506 1094 VII.
1532 1060 1663 1104 (1838)

402 1120 438 1154 p.
466 1111 500 1141 2.
528 1120 561 1142 n.
589 1110 624 1142 2.
677 1106 871 1140 Endliclter
899 1107 987 1141 Gen.
1011 1119 1048 1153 p.
1082 1109 1186 1140 1338.
1213 1118 1249 1141 π.
1276 1104 1400 1150 467s1.

206 1167 237 1203 β,
273 1166 503 1206 convolutum,
532 1167 656 1199 fronde
685 1167 872 1209 angustiori
900 1167 1028 1209 pluries
1056 1178 1097 1198 ex
1119 1167 1214 1210 apice
1242 1167 1426 1198 innovante
1448 1167 1662 1210 marginibus

270 1226 490 1258 denticulatis
538 1228 673 1270 penitus
729 1237 876 1269 superne
934 1225 1223 1265 conniventibus,
1289 1227 1333 1258 ita
1377 1235 1414 1258 ut
1462 1228 1662 1270 superficies

271 1286 391 1326 supina
433 1285 523 1316 haud
568 1293 746 1328 appareat,
787 1286 939 1326 squamis
980 1285 1189 1317 venti-alibus
1225 1286 1334 1328 magis
1371 1287 1583 1330 conspicuis,
1628 1288 1661 1318 in

270 1343 478 1374 iuvenilibus
507 1353 575 1375 tarn
603 1345 759 1385 margine
789 1355 892 1385 quani
923 1345 1018 1387 apice
1046 1345 1254 1387 prominulis
1282 1345 1440 1376 acumine
1467 1344 1627 1377 candido.

224 1400 357 1436 Forma
382 1414 404 1434 α
433 1402 469 1436 in
501 1401 664 1446 Nepalia
688 1402 784 1436 lecta
812 1407 869 1435 est
894 1412 914 1436 a
943 1401 988 1435 cl.
1016 1401 1180 1436 Wallich
1207 1402 1303 1446 (Hb.
1330 1402 1405 1447 L.).
1455 1403 1548 1437 Var.
1572 1405 1595 1444 β
1622 1404 1658 1438 in

125 1458 234 1492 India
259 1460 432 1495 orientali
460 1472 481 1495 a
508 1462 554 1496 cl.
586 1461 719 1504 Wight
745 1462 796 1506 (in
827 1460 903 1494 Hb.
931 1472 1001 1505 pr„
1028 1462 1164 1496 Arnott
1189 1465 1227 1496 et
1255 1461 1333 1502 N.).

225 1519 377 1554 Fromles
402 1520 652 1564 caespstusae,
680 1520 1157 1565 semimares-pollicentes,
1185 1520 1268 1555 basi
1289 1525 1517 1564 angustatae
1536 1522 1655 1558 linea-

122 1588 192 1618 res,
222 1589 354 1613 versus
381 1580 525 1625 apicem
554 1580 757 1622 dilatatae,
786 1580 974 1625 simplices
1003 1580 1061 1614 vel
1090 1580 1136 1613 ad
1163 1580 1327 1614 medium
1355 1590 1474 1625 usque
1501 1582 1657 1625 bifidae;

120 1637 195 1670 lobi
213 1640 297 1672 2-:3
325 1639 388 1673 lin.
404 1639 482 1682 lati,
510 1639 617 1684 apice
642 1640 832 1674 rotundati
851 1641 936 1684 plus
958 1640 1131 1674 minusve
1157 1639 1395 1683 emargiuati.
1435 1641 1554 1676 Frons
1574 1642 1656 1676 basi

121 1697 328 1740 subplana,
357 1703 433 1733 tum
462 1710 650 1740 concava,
678 1700 910 1743 marginibus
937 1698 1451 1750 adscendenti-patentibus‚
1478 1700 1653 1736 sinuoso-

122 1758 342 1799 crenulatis,
370 1760 506 1794 subtus
525 1759 669 1793 fibrillis
696 1760 824 1794 multis
843 1760 979 1794 albidis
998 1764 1119 1793 terrae
1145 1764 1247 1794 arcte
1271 1759 1493 1801 adhaerens,
1520 1771 1658 1804 rugosa

120 1820 158 1848 et
183 1818 404 1852 membrana
432 1824 531 1853 tecta
559 1819 882 1863 fusco-purpurea
909 1819 946 1853 in
971 1819 1141 1854 lamellas
1166 1819 1439 1853 transversales
1457 1820 1657 1854 secedente

120 1874 351 1911 lanceolatas
379 1879 477 1913 ultra
503 1878 710 1922 marginem
746 1879 1070 1920 subexcedentes,
1107 1878 1252 1922 apicem
1287 1889 1419 1913 versus
1455 1879 1654 1924 longiores.

121 1933 165 1966 In
205 1935 487 1979 emarginatura
527 1937 646 1981 apicis
683 1938 827 1972 frondis
870 1938 1028 1983 eiusque
1066 1938 1242 1974 loborumv
1282 1938 1485 1973 fasciculus
1524 1939 1654 1974 talium

119 1993 352 2029 lamellarum
387 1996 507 2030 adest.
567 1996 679 2031 Color
713 1997 924 2041 superficiei
953 1997 1280 2041 glauco—viridis,
1323 1997 1383 2031 hic
1415 1997 1492 2031 illic
1526 1998 1655 2032 fusco-

118 2063 411 2096 purpurascens.
461 2051 632 2089 Textura
656 2057 961 2096 membranacea,
990 2065 1119 2100 apem,
1146 2055 1272 2090 nervis
1298 2055 1449 2091 remotis
1475 2058 1655 2092 flexuosis

119 2122 310 2154 percursa.
363 2114 407 2148 In
435 2114 560 2149 medio
580 2115 684 2149 sulco
704 2115 847 2149 frondis
869 2115 1012 2149 fructus
1030 2114 1196 2148 seriatim
1225 2115 1409 2159 dispositi.
1461 2115 1650 2159 Recepta-

119 2171 244 2206 culum
267 2172 393 2208 iunius
413 2174 698 2217 subglobosum,
718 2174 861 2215 sessile,
882 2174 1002 2219 paleis
1019 2174 1145 2208 multis
1166 2175 1386 2209 lanceolatis
1405 2175 1526 2209 rubris
1540 2186 1655 2219 supra

117 2231 221 2265 illum
248 2233 538 2269 conniventibus
573 2238 725 2268 tectum.
778 2234 920 2269 Postea
946 2235 1116 2268 elevatur
1143 2233 1380 2269 fructificatio
1405 2234 1443 2268 in
1470 2233 1654 2278 pedicello

117 2289 574 2335 fusco,glabro,siccitate
589 2293 717 2337 tortili,
735 2293 1012 2338 semipollicari.
1040 2293 1266 2328 Involucrum
1286 2294 1483 2329 unissorum
1495 2293 1654 2329 subinde

119 2360 414 2396 monocarpum,
451 2353 586 2387 subtus
624 2353 744 2397 paleis
770 2352 898 2388 multis
923 2353 1302 2388 lineari-lanceolatis
1329 2354 1548 2397 barbatum,
1583 2364 1650 2398 pe-

116 2408 252 2444 dicello
280 2411 378 2444 haud
407 2403 614 2446 incrass'ato
641 2413 828 2456 insidens,
865 2413 972 2458 apice
1000 2412 1148 2447 bivalve
1175 2413 1267 2448 rima
1292 2413 1531 2454 horizontali‚
1566 2424 1650 2447 cor-

117 2478 241 2510 neum,
268 2469 623 2505 viridi-flavescens.
677 2472 720 2506 In
756 2473 874 2508 altero
908 2472 1113 2517 specimine
1148 2473 1424 2517 receptaculum
1451 2471 1651 2506 femineum

115 2526 311 2572 dicarpum
347 2534 450 2571 erat,
487 2529 613 2564 discus
648 2531 771 2566 medio
810 2532 858 2566 ad
892 2532 1011 2566 instar
1046 2532 1212 2576 ephippii
1239 2532 1440 2576 depressus
1475 2535 1513 2564 et
1539 2530 1651 2565 limbo

117 2586 211 2620 bene
238 2588 443 2632 conspicuo
470 2589 517 2622 ab
544 2589 750 2624 involucris
777 2591 999 2632 distinctus;
1042 2591 1078 2625 in
1118 2591 1187 2625 hoc
1223 2591 1430 2635 exemplari
1457 2591 1650 2625 involucra

116 2644 279 2680 bivalvia
317 2646 410 2682 rima
450 2648 640 2691 verticali,
679 2655 718 2684 ut
744 2662 824 2685 mos
851 2656 928 2692 est,
962 2651 1102 2694 fissas&
1153 2649 1323 2696 Calyptra
1349 2655 1479 2684 tenera
1504 2650 1541 2684 in
1569 2650 1649 2684 basi

188 2773 222 2817 ³¹¹)
259 2776 370 2818 Igitur
398 2777 594 2810 charactere
622 2780 789 2822 primario
816 2782 953 2822 generis
981 2779 1256 2823 Antrocephalis‚
1285 2780 1387 2819 olim,
1415 2791 1495 2812 cum
1521 2791 1648 2822 paucae

260 2836 502 2868 tautummodo
540 2837 839 2880 Plagiochasmatis
875 2839 1011 2882 generis
1049 2839 1179 2882 species
1216 2838 1303 2870 bene
1337 2840 1493 2881 cognitae
1528 2848 1648 2877 essent,

259 2895 433 2935 instructi,
469 2898 565 2928 novis
603 2897 902 2930 observationibus
937 2897 1071 2929 sublato
1110 2899 1330 2941 uepalensem
1368 2898 1453 2930 lianc
1494 2899 1647 2940 speciem

261 2962 392 2986 mutato
421 2957 563 2988 nomine
591 2956 643 2989 hic
671 2956 964 3001 proponebamus.
