1824 3252
774 177 925 220 Blyttia.
1537 180 1605 211 477

89 291 454 335 luciniaco·cuiatis),
478 290 675 335 pei-ianthio
691 289 864 324 involucro
890 290 1015 323 maiori
1040 289 1387 323 lineari-lanceolata
1411 291 1606 323 acuminato

88 366 143 385 ure
163 363 270 396 parvo
295 349 424 384 eiliato.

282 411 481 453 Diplolaena
516 408 813 451 (Jungermannia)
851 409 1087 441 cladmhizans
1131 406 1263 454 Taylor
1298 406 1418 454 Crypt.
1453 415 1603 442 amaret.

365 468 401 500 in
428 467 538 502 Lond.
564 466 689 500 Journ.
716 466 760 512 qf'
778 466 845 501 bot.
876 470 978 502 1844.
1000 479 1037 513 p.
1064 470 1147 501 570.
1175 480 1209 501 η.
1237 469 1294 501 38.

185 526 343 560 Habitat
368 526 405 559 in
436 525 543 560 Nova
570 525 773 559 Zeelandia
800 526 1007 570 (Colenso).

186 586 355 632 Caespites
390 585 488 625 laxi,
522 585 610 624 lati,
647 583 683 617 in
711 585 881 628 partibus
916 584 1183 619 recentioribus
1210 584 1346 629 pallide
1373 585 1531 627 virides,
1567 585 1603 619 in

90 645 334 679 adultioribus
360 643 497 687 pallide
523 642 692 677 olivacei.
743 644 897 677 Frondes
922 643 1091 685 singulae
1112 643 1244 688 pollice
1270 645 1382 687 paulo
1409 644 1605 688 longiores,

89 706 342 744 lanceolatae,
370 702 626 744 acuminatae,
662 703 832 736 acumine
859 703 1032 745 elongato
1059 714 1078 737 e
1107 703 1185 737 sola
1215 703 1289 737 fere
1317 708 1420 738 costa
1449 704 1604 737 formato

89 766 194 809 apice
232 763 422 797 radicante
459 766 494 794 et
530 761 690 805 denique
725 772 840 796 novas
872 762 1022 796 frondes
1058 762 1262 796 emittente.
1324 763 1438 796 Costa
1464 763 1604 798 frondis

89 824 277 864 albicans,
306 820 425 863 rigida
455 820 541 853 licet
568 821 700 854 tenuis.
751 820 935 855 Involuta-a
975 821 1145 854 oriuntur
1171 820 1218 853 ad
1253 821 1358 854 basin
1393 821 1534 855 frondis
1568 827 1605 856 et

87 893 135 917 ex
172 882 345 915 inferiore
386 884 513 913 costae
553 879 689 919 latere,
736 890 850 923 saepe
890 880 989 913 bina.
1057 880 1247 924 Squamae
1285 880 1362 913 eius
1401 880 1605 914 exteriores

88 941 308 976 rotundatae
335 941 421 971 sunt
447 941 484 970 et
510 937 694 980 profunde
720 937 917 979 dentatae;
945 939 1138 972 interiores
1165 949 1343 983 squamae
1372 939 1451 972 basi
1479 939 1605 973 unitae

87 1000 182 1034 ciliis
209 998 368 1032 setaceis
395 995 600 1030 articulatis
627 1001 712 1030 sunt
738 997 943 1040 praeditae.
993 998 1099 1031 Intra
1126 998 1195 1031 hoc
1221 998 1450 1032 involucrum
1477 1009 1604 1032 verum

86 1058 201 1092 oritur
221 1055 473 1103 perianthium,
500 1066 611 1099 quam
638 1066 704 1099 pro
731 1055 881 1098 plantae
907 1060 1050 1090 statura
1077 1057 1211 1097 maius,
1239 1057 1370 1091 leniter
1396 1067 1604 1098 recurvum,

87 1117 222 1161 pallide
248 1125 437 1154 carneum,
464 1125 527 1148 ore
553 1114 731 1148 laciniato
758 1114 903 1148 laciniis
930 1115 1078 1149 ciliatis.

185 1173 342 1208 Accedit
368 1173 529 1219 Blyttiae
542 1172 670 1219 Lyellii
693 1179 730 1208 et
756 1178 855 1207 statu
882 1175 1031 1218 quidem
1066 1174 1179 1209 sterili
1206 1175 1305 1208 haud
1332 1175 1440 1210 facile
1466 1175 1601 1210 distin-

86 1245 218 1278 gueres
246 1238 453 1277 utramque,
480 1232 669 1266 fructifera
697 1237 820 1266 autem
849 1233 940 1266 haec
973 1237 1099 1267 nostra
1135 1233 1279 1276 species
1307 1235 1457 1269 abunde
1484 1236 1605 1270 differt

88 1293 134 1327 ab
168 1293 230 1326 illa
266 1291 447 1325 fructibus
491 1291 537 1325 ad
583 1291 688 1325 basin
727 1291 913 1324 frondium
951 1295 988 1325 et
1026 1303 1072 1326 ex
1119 1291 1284 1326 infcriori
1324 1299 1451 1328 costae
1488 1296 1604 1330 latere

86 1352 313 1391 orientibus,
344 1350 555 1394 perianthio
588 1349 743 1390 maiori,
778 1360 934 1384 recurvo
961 1350 1200 1396 coloratoque
1228 1352 1418 1387 involucro
1444 1354 1603 1399 (lenique

85 1412 203 1456 magis
230 1409 436 1454 composito
463 1409 654 1454 (Taylor.).

424 1495 460 1527 6.
510 1493 724 1539 Blyttia
747 1493 1074 1528 tenuium-vis
1098 1492 1245 1536 Taylor.

180 1564 241 1599 ΒΖ.
266 1563 398 1608 fronde
433 1563 529 1597 tenui
555 1570 736 1608 prostrata
772 1563 897 1598 lineari
923 1563 1114 1598 dichotoma
1149 1575 1252 1597 nervo
1275 1561 1404 1607 yracili
1435 1573 1599 1607 percursa

84 1624 238 1667 ηιανῃὶηε
262 1623 411 1656 (lentata.

276 1683 473 1724 Diplolaena
512 1683 806 1724 (junget-mannia)
847 1683 1053 1714 tenuium-vis
1092 1680 1222 1727 Taylor
1253 1681 1346 1727 Hep.
1377 1685 1527 1713 amaret.
1562 1680 1600 1711 in

359 1740 469 1773 Lvml.
496 1739 623 1773 Journ.
650 1739 694 1784 qs
712 1737 778 1772 bot.
813 1743 913 1773 1544.
942 1739 1029 1773 Νου.
1051 1752 1090 1785 p.
1117 1743 1200 1774 570.
1227 1751 1262 1774 n.
1289 1743 1348 1774 39.

182 1799 339 1832 Habitat
364 1798 400 1831 in
430 1798 536 1831 Nova
565 1797 768 1832 Zeelandia
793 1799 1001 1841 (Colenso).

179 1859 334 1892 Frondes
369 1857 431 1890 vix
467 1857 721 1901 bipollicares,
755 1857 1054 1897 luteo—virides,
1095 1857 1255 1891 lineares
1293 1858 1437 1901 apicem
1470 1867 1599 1891 versus

84 1918 247 1953 nonnihil
285 1917 484 1957 dilatatae,
528 1915 610 1958 ipso
649 1916 755 1958 apice
797 1916 920 1949 bilobo
958 1917 1044 1950 sinu
1079 1922 1318 1959 perangusto.
1378 1916 1600 1950 Substantia

83 1977 221 2010 frondis
260 1976 382 2009 tenuis
429 1975 601 2008 distincte
647 1975 844 2016 cellulosm
898 1980 1001 2009 costa
1040 1975 1178 2018 pallide
1216 1976 1312 2009 flava
1351 1986 1471 2020 opaca
1510 1986 1596 2019 per-

82 2042 255 2080 angusta;
288 2035 324 2068 in
359 2039 514 2079 utroque
548 2035 664 2068 latere
698 2034 819 2068 cineta
855 2034 949 2068 serie
986 2034 1203 2068 cellularum
1238 2034 1527 2078 compactiorum
1563 2038 1600 2068 et

81 2096 215 2130 coloris
250 2094 390 2139 reliqua
426 2094 556 2128 fronde
591 2094 824 2128 intensioris:
868 2094 1055 2137 margines
1095 2098 1181 2127 sunt
1217 2094 1379 2135 dentati,
1423 2093 1598 2127 dentibus

81 2154 165 2189 latis
192 2153 429 2187 distantibus.

179 2214 346 2247 Adnot.
384 2212 542 2258 Blyttiae
568 2211 699 2258 Lyellii
724 2210 895 2245 varietati
922 2210 1131 2244 Hibera-icae
1156 2209 1357 2254 persimilis
1383 2210 1600 2252 est,.differt

84 2278 207 2306 autem
243 2271 382 2305 frondis
416 2275 520 2304 costa
560 2271 792 2313 angustiore,
849 2270 1023 2304 dentibus
1075 2269 1252 2313 marginis
1302 2269 1598 2304 distinctioribus

82 2331 380 2374 maioribusque,
414 2329 625 2362 substantia
652 2329 794 2363 frondis
828 2330 995 2364 tenuiore
1022 2340 1042 2363 e
1069 2329 1212 2364 cellulis
1238 2328 1355 2372 magis
1388 2328 1600 2372 conspicuis

83 2395 285 2425 exstructa.
337 2388 472 2432 Taylor
498 2389 521 2422 Ι.
548 2399 579 2421 c.

421 2473 456 2505 7.
505 2471 720 2517 Blyttae‘a
738 2470 1088 2514 procumbens
1113 2471 1261 2514 Taylor.

180 2542 241 2576 ΒΖ.
266 2543 398 2588 fronde
425 2541 573 2588 impleoea
597 2541 749 2587 simplici
774 2540 900 2575 lineari
933 2543 1029 2575 tenui
1060 2541 1225 2575 subacuta
1256 2541 1415 2574 uninervi
1445 2540 1600 2584 marqine

83 2602 316 2645 inteyerrima,
341 2600 492 2634 mascula
517 2601 716 2634 acuminata
740 2607 841 2645 atque
865 2601 903 2633 in
926 2601 1014 2634 serie
1038 2601 1193 2646 conferta
1218 2599 1344 2633 lineari
1369 2597 1597 2642 antherifma

274 2662 475 2705 Diplolaena
503 2660 797 2704 (Jungermanuia)
833 2661 1066 2702 procumbens
1102 2659 1233 2705 Taylor
1258 2658 1349 2704 Hep.
1382 2663 1534 2692 antarct.
1562 2658 1598 2690 in

358 2718 468 2753 Loml.
494 2719 623 2753 Journ.
651 2718 697 2764 of
715 2717 779 2752 bot.
813 2721 915 2752 ¹845.
934 2730 974 2764 p.
1000 2722 1060 2753 93.
1085 2730 1120 2752 n.
1147 2721 1206 2752 31.

180 2788 339 2821 Habitat
364 2788 400 2822 in
429 2789 555 2823 Insula
582 2790 637 2824 St.
667 2789 837 2823 Helenae
865 2789 1062 2834 (Hooker).

181 2847 352 2893 Caespites
392 2848 533 2892 aliquot
569 2848 764 2882 unciarum
801 2847 1018 2889 latitudine,
1059 2846 1195 2890 pallide
1231 2843 1382 2888 prasini.
1442 2844 1599 2878 Frondes

85 2906 232 2939 circiter
265 2905 482 2949 pollicares,
518 2907 724 2950 simplices,
764 2906 924 2940 subinde
960 2906 1006 2940 ad
1033 2905 1193 2949 speciem
1221 2913 1388 2938 ramosae
1413 2903 1461 2938 ob
1486 2903 1592 2937 inno-
