<?xml version="1.0" encoding="UTF-8"?>
<!DOCTYPE html PUBLIC "-//W3C//DTD XHTML 1.0 Transitional//EN"
    "http://www.w3.org/TR/xhtml1/DTD/xhtml1-transitional.dtd">
<html xmlns="http://www.w3.org/1999/xhtml" xml:lang="en" lang="en">
 <head>
  <title>
</title>
<meta http-equiv="Content-Type" content="text/html;charset=utf-8" />
  <meta name='ocr-system' content='tesseract 3.04.00' />
  <meta name='ocr-capabilities' content='ocr_page ocr_carea ocr_par ocr_line ocrx_word'/>
</head>
<body>
  <div class='ocr_page' id='page_1' title='image "./synopsishepatica00gott_0230.png"; bbox 0 0 1824 3252; ppageno 0'>
   <div class='ocr_carea' id='block_1_1' title="bbox 117 131 1156 177">
    <p class='ocr_par' dir='ltr' id='par_1_1' title="bbox 117 131 1156 177">
     <span class='ocr_line' id='line_1_1' title="bbox 117 131 1156 177; baseline -0.005 -5"><span class='ocrx_word' id='word_1_1' title='bbox 117 141 183 173; x_wconf 85' lang='grc'>196</span> <span class='ocrx_word' id='word_1_2' title='bbox 595 133 802 177; x_wconf 85' lang='lat' dir='ltr'>Geocalyx.</span> <span class='ocrx_word' id='word_1_3' title='bbox 855 131 1156 175; x_wconf 86' lang='lat' dir='ltr'>Gongylanthus.</span> 
     </span>
    </p>
   </div>
   <div class='ocr_carea' id='block_1_2' title="bbox 117 245 1644 351">
    <p class='ocr_par' dir='ltr' id='par_1_2' title="bbox 117 245 1644 351">
     <span class='ocr_line' id='line_1_2' title="bbox 210 245 1644 291; baseline -0.003 -6"><span class='ocrx_word' id='word_1_4' title='bbox 210 250 255 284; x_wconf 90' lang='lat' dir='ltr'>In</span> <span class='ocrx_word' id='word_1_5' title='bbox 284 249 414 284; x_wconf 86' lang='lat' dir='ltr'>Insula</span> <span class='ocrx_word' id='word_1_6' title='bbox 442 246 500 281; x_wconf 82' lang='lat' dir='ltr'>St.</span> <span class='ocrx_word' id='word_1_7' title='bbox 528 245 717 290; x_wconf 89' lang='lat' dir='ltr'>Domingo</span> <span class='ocrx_word' id='word_1_8' title='bbox 746 245 793 279; x_wconf 85' lang='lat' dir='ltr'>ad</span> <span class='ocrx_word' id='word_1_9' title='bbox 821 248 973 279; x_wconf 88' lang='lat' dir='ltr'>truncos</span> <span class='ocrx_word' id='word_1_10' title='bbox 999 245 1168 289; x_wconf 87' lang='lat' dir='ltr'>putridos</span> <span class='ocrx_word' id='word_1_11' title='bbox 1192 245 1311 291; x_wconf 89' lang='lat' dir='ltr'>(Bory</span> <span class='ocrx_word' id='word_1_12' title='bbox 1337 245 1384 280; x_wconf 86' lang='lat' dir='ltr'>de</span> <span class='ocrx_word' id='word_1_13' title='bbox 1411 245 1644 281; x_wconf 86' lang='lat' dir='ltr'>St.Vincent</span> 
     </span>
     <span class='ocr_line' id='line_1_3' title="bbox 117 306 577 351; baseline -0.009 -7"><span class='ocrx_word' id='word_1_14' title='bbox 117 311 154 344; x_wconf 88' lang='lat' dir='ltr'>in</span> <span class='ocrx_word' id='word_1_15' title='bbox 183 310 258 344; x_wconf 88' lang='lat' dir='ltr'>Hb.</span> <span class='ocrx_word' id='word_1_16' title='bbox 287 308 407 342; x_wconf 92' lang='lat' dir='ltr'>Mont.</span> <span class='ocrx_word' id='word_1_17' title='bbox 436 316 470 341; x_wconf 89' lang='lat' dir='ltr'>n.</span> <span class='ocrx_word' id='word_1_18' title='bbox 499 306 577 351; x_wconf 89' lang='grc'>37.)</span> 
     </span>
    </p>
   </div>
   <div class='ocr_carea' id='block_1_3' title="bbox 113 374 1647 1133">
    <p class='ocr_par' dir='ltr' id='par_1_3' title="bbox 113 374 1647 1133">
     <span class='ocr_line' id='line_1_4' title="bbox 210 374 1644 424; baseline -0.001 -10"><span class='ocrx_word' id='word_1_19' title='bbox 210 379 364 423; x_wconf 85' lang='lat' dir='ltr'>Species</span> <span class='ocrx_word' id='word_1_20' title='bbox 390 387 522 421; x_wconf 88' lang='lat' dir='ltr'>parum</span> <span class='ocrx_word' id='word_1_21' title='bbox 549 375 755 420; x_wconf 87' lang='lat' dir='ltr'>conspicua</span> <span class='ocrx_word' id='word_1_22' title='bbox 782 380 820 410; x_wconf 89' lang='lat' dir='ltr'>at</span> <span class='ocrx_word' id='word_1_23' title='bbox 847 374 1143 418; x_wconf 88' lang='lat' dir='ltr'>distinctissima,</span> <span class='ocrx_word' id='word_1_24' title='bbox 1171 376 1374 424; x_wconf 79' lang='lat' dir='ltr'>Geocalyeis</span> <span class='ocrx_word' id='word_1_25' title='bbox 1398 378 1644 422; x_wconf 82' lang='lat' dir='ltr'>probabiliter</span> 
     </span>
     <span class='ocr_line' id='line_1_5' title="bbox 115 434 1644 484; baseline -0.001 -11"><span class='ocrx_word' id='word_1_26' title='bbox 115 443 179 472; x_wconf 85' lang='lat' dir='ltr'>aut</span> <span class='ocrx_word' id='word_1_27' title='bbox 217 437 448 484; x_wconf 75' lang='lat' dir='ltr'>Lophoeoleae</span> <span class='ocrx_word' id='word_1_28' title='bbox 483 435 630 479; x_wconf 84' lang='lat' dir='ltr'>generis</span> <span class='ocrx_word' id='word_1_29' title='bbox 669 434 772 468; x_wconf 91' lang='lat' dir='ltr'>civis.</span> <span class='ocrx_word' id='word_1_30' title='bbox 845 434 967 468; x_wconf 74' lang='lat' dir='ltr'>caulis</span> <span class='ocrx_word' id='word_1_31' title='bbox 998 437 1019 477; x_wconf 57' lang='grc' dir='ltr'>ᾗ</span> <span class='ocrx_word' id='word_1_32' title='bbox 1043 455 1060 462; x_wconf 91' lang='grc'>-</span> <span class='ocrx_word' id='word_1_33' title='bbox 1090 437 1103 468; x_wconf 87' lang='lat' dir='ltr'>l</span> <span class='ocrx_word' id='word_1_34' title='bbox 1142 435 1229 479; x_wconf 92' lang='lat' dir='ltr'>poll.</span> <span class='ocrx_word' id='word_1_35' title='bbox 1264 436 1416 479; x_wconf 86' lang='lat' dir='ltr'>longus,</span> <span class='ocrx_word' id='word_1_36' title='bbox 1452 437 1644 478; x_wconf 86' lang='lat' dir='ltr'>filiformis‚</span> 
     </span>
     <span class='ocr_line' id='line_1_6' title="bbox 113 492 1640 541; baseline -0.002 -9"><span class='ocrx_word' id='word_1_37' title='bbox 113 493 366 541; x_wconf 69' lang='lat' dir='ltr'>irregulariter</span> <span class='ocrx_word' id='word_1_38' title='bbox 392 504 584 534; x_wconf 90' lang='lat' dir='ltr'>ramosus,</span> <span class='ocrx_word' id='word_1_39' title='bbox 624 493 816 527; x_wconf 86' lang='lat' dir='ltr'>flexuosus</span> <span class='ocrx_word' id='word_1_40' title='bbox 844 497 881 526; x_wconf 85' lang='lat' dir='ltr'>et</span> <span class='ocrx_word' id='word_1_41' title='bbox 908 492 1129 534; x_wconf 87' lang='lat' dir='ltr'>intricatus,</span> <span class='ocrx_word' id='word_1_42' title='bbox 1167 505 1233 537; x_wconf 87' lang='lat' dir='ltr'>per</span> <span class='ocrx_word' id='word_1_43' title='bbox 1267 494 1465 529; x_wconf 85' lang='lat' dir='ltr'>intervalla</span> <span class='ocrx_word' id='word_1_44' title='bbox 1490 495 1640 530; x_wconf 88' lang='lat' dir='ltr'>radicu-</span> 
     </span>
     <span class='ocr_line' id='line_1_7' title="bbox 114 551 1644 598; baseline -0.001 -7"><span class='ocrx_word' id='word_1_45' title='bbox 114 560 227 597; x_wconf 93' lang='lat' dir='ltr'>losus‚</span> <span class='ocrx_word' id='word_1_46' title='bbox 255 555 481 594; x_wconf 85' lang='lat' dir='ltr'>fuscescens,</span> <span class='ocrx_word' id='word_1_47' title='bbox 510 551 706 595; x_wconf 86' lang='lat' dir='ltr'>rigidulus.</span> <span class='ocrx_word' id='word_1_48' title='bbox 762 551 868 586; x_wconf 82' lang='lat' dir='ltr'>Folia</span> <span class='ocrx_word' id='word_1_49' title='bbox 896 553 1074 591; x_wconf 78' lang='lat' dir='ltr'>succuba,</span> <span class='ocrx_word' id='word_1_50' title='bbox 1102 563 1233 596; x_wconf 88' lang='lat' dir='ltr'>parum</span> <span class='ocrx_word' id='word_1_51' title='bbox 1251 553 1443 595; x_wconf 86' lang='lat' dir='ltr'>inclinata,</span> <span class='ocrx_word' id='word_1_52' title='bbox 1462 555 1644 598; x_wconf 82' lang='lat' dir='ltr'>patentia,</span> 
     </span>
     <span class='ocr_line' id='line_1_8' title="bbox 114 611 1646 661; baseline -0.002 -11"><span class='ocrx_word' id='word_1_53' title='bbox 114 625 315 661; x_wconf 82' lang='lat' dir='ltr'>parumper</span> <span class='ocrx_word' id='word_1_54' title='bbox 342 612 637 652; x_wconf 89' lang='lat' dir='ltr'>adscendentia,</span> <span class='ocrx_word' id='word_1_55' title='bbox 675 611 811 654; x_wconf 86' lang='lat' dir='ltr'>plana,</span> <span class='ocrx_word' id='word_1_56' title='bbox 851 611 975 645; x_wconf 88' lang='lat' dir='ltr'>ovalia</span> <span class='ocrx_word' id='word_1_57' title='bbox 1011 615 1076 645; x_wconf 87' lang='lat' dir='ltr'>aut</span> <span class='ocrx_word' id='word_1_58' title='bbox 1109 611 1437 656; x_wconf 85' lang='lat' dir='ltr'>ovali-oblonga,</span> <span class='ocrx_word' id='word_1_59' title='bbox 1471 612 1508 646; x_wconf 86' lang='lat' dir='ltr'>in</span> <span class='ocrx_word' id='word_1_60' title='bbox 1536 613 1646 648; x_wconf 88' lang='lat' dir='ltr'>dorso</span> 
     </span>
     <span class='ocr_line' id='line_1_9' title="bbox 114 670 1646 718; baseline -0.001 -10"><span class='ocrx_word' id='word_1_61' title='bbox 114 683 315 718; x_wconf 83' lang='lat' dir='ltr'>parumper</span> <span class='ocrx_word' id='word_1_62' title='bbox 341 671 582 705; x_wconf 80' lang='lat' dir='ltr'>decurrentia</span> <span class='ocrx_word' id='word_1_63' title='bbox 608 680 678 704; x_wconf 87' lang='lat' dir='ltr'>nec</span> <span class='ocrx_word' id='word_1_64' title='bbox 706 670 869 704; x_wconf 87' lang='lat' dir='ltr'>medium</span> <span class='ocrx_word' id='word_1_65' title='bbox 897 671 1040 704; x_wconf 87' lang='lat' dir='ltr'>caulem</span> <span class='ocrx_word' id='word_1_66' title='bbox 1060 670 1296 714; x_wconf 85' lang='lat' dir='ltr'>attingentia,</span> <span class='ocrx_word' id='word_1_67' title='bbox 1324 672 1361 705; x_wconf 90' lang='lat' dir='ltr'>in</span> <span class='ocrx_word' id='word_1_68' title='bbox 1378 676 1504 707; x_wconf 83' lang='lat' dir='ltr'>ventre</span> <span class='ocrx_word' id='word_1_69' title='bbox 1526 673 1646 716; x_wconf 87' lang='lat' dir='ltr'>magis</span> 
     </span>
     <span class='ocr_line' id='line_1_10' title="bbox 115 730 1646 774; baseline 0 -6"><span class='ocrx_word' id='word_1_70' title='bbox 115 734 237 768; x_wconf 87' lang='lat' dir='ltr'>adhuc</span> <span class='ocrx_word' id='word_1_71' title='bbox 256 731 458 769; x_wconf 70' lang='lat' dir='ltr'>distantia:</span> <span class='ocrx_word' id='word_1_72' title='bbox 484 730 660 764; x_wconf 85' lang='lat' dir='ltr'>inferiora</span> <span class='ocrx_word' id='word_1_73' title='bbox 688 730 832 764; x_wconf 86' lang='lat' dir='ltr'>minora</span> <span class='ocrx_word' id='word_1_74' title='bbox 861 734 898 764; x_wconf 86' lang='lat' dir='ltr'>et</span> <span class='ocrx_word' id='word_1_75' title='bbox 924 730 1071 770; x_wconf 81' lang='lat' dir='ltr'>dissita,</span> <span class='ocrx_word' id='word_1_76' title='bbox 1096 730 1289 774; x_wconf 83' lang='lat' dir='ltr'>superiora</span> <span class='ocrx_word' id='word_1_77' title='bbox 1316 731 1479 766; x_wconf 86' lang='lat' dir='ltr'>caulium</span> <span class='ocrx_word' id='word_1_78' title='bbox 1505 733 1646 768; x_wconf 88' lang='lat' dir='ltr'>maiora</span> 
     </span>
     <span class='ocr_line' id='line_1_11' title="bbox 115 788 1646 833; baseline 0 -7"><span class='ocrx_word' id='word_1_79' title='bbox 115 792 343 827; x_wconf 87' lang='lat' dir='ltr'>semiliueam</span> <span class='ocrx_word' id='word_1_80' title='bbox 373 789 448 823; x_wconf 88' lang='lat' dir='ltr'>fere</span> <span class='ocrx_word' id='word_1_81' title='bbox 477 789 587 832; x_wconf 84' lang='lat' dir='ltr'>longa</span> <span class='ocrx_word' id='word_1_82' title='bbox 614 793 650 822; x_wconf 91' lang='lat' dir='ltr'>et</span> <span class='ocrx_word' id='word_1_83' title='bbox 679 788 895 831; x_wconf 86' lang='lat' dir='ltr'>imbricata,</span> <span class='ocrx_word' id='word_1_84' title='bbox 932 800 1115 823; x_wconf 86' lang='lat' dir='ltr'>ramorum</span> <span class='ocrx_word' id='word_1_85' title='bbox 1150 789 1327 824; x_wconf 87' lang='lat' dir='ltr'>inferiora</span> <span class='ocrx_word' id='word_1_86' title='bbox 1352 791 1528 833; x_wconf 89' lang='lat' dir='ltr'>minima,</span> <span class='ocrx_word' id='word_1_87' title='bbox 1571 792 1646 827; x_wconf 90' lang='lat' dir='ltr'>alia</span> 
     </span>
     <span class='ocr_line' id='line_1_12' title="bbox 114 848 1645 893; baseline 0 -8"><span class='ocrx_word' id='word_1_88' title='bbox 114 852 198 886; x_wconf 86' lang='lat' dir='ltr'>hinc</span> <span class='ocrx_word' id='word_1_89' title='bbox 226 848 502 893; x_wconf 81' lang='lat' dir='ltr'>adproximata‚</span> <span class='ocrx_word' id='word_1_90' title='bbox 536 848 716 892; x_wconf 83' lang='lat' dir='ltr'>pleraque</span> <span class='ocrx_word' id='word_1_91' title='bbox 745 848 851 892; x_wconf 85' lang='lat' dir='ltr'>apice</span> <span class='ocrx_word' id='word_1_92' title='bbox 879 853 1163 883; x_wconf 80' lang='lat' dir='ltr'>truncato-aut</span> <span class='ocrx_word' id='word_1_93' title='bbox 1198 850 1645 890; x_wconf 71' lang='lat' dir='ltr'>subretuso-bidentata,</span> 
     </span>
     <span class='ocr_line' id='line_1_13' title="bbox 114 907 1647 953; baseline -0.001 -8"><span class='ocrx_word' id='word_1_94' title='bbox 114 911 186 945; x_wconf 85' lang='lat' dir='ltr'>alia</span> <span class='ocrx_word' id='word_1_95' title='bbox 199 909 416 949; x_wconf 62' lang='lat' dir='ltr'>amentata,</span> <span class='ocrx_word' id='word_1_96' title='bbox 444 907 645 942; x_wconf 79' lang='lat' dir='ltr'>denticulis</span> <span class='ocrx_word' id='word_1_97' title='bbox 664 907 878 953; x_wconf 85' lang='lat' dir='ltr'>ubicunque</span> <span class='ocrx_word' id='word_1_98' title='bbox 897 909 1024 953; x_wconf 90' lang='lat' dir='ltr'>parvis</span> <span class='ocrx_word' id='word_1_99' title='bbox 1040 909 1444 951; x_wconf 85' lang='lat' dir='ltr'>mucronuliformibus,</span> <span class='ocrx_word' id='word_1_100' title='bbox 1470 910 1647 945; x_wconf 85' lang='lat' dir='ltr'>inferiora</span> 
     </span>
     <span class='ocr_line' id='line_1_14' title="bbox 115 968 1647 1013; baseline -0.001 -8"><span class='ocrx_word' id='word_1_101' title='bbox 115 969 204 1005; x_wconf 80' lang='lat' dir='ltr'>folia</span> <span class='ocrx_word' id='word_1_102' title='bbox 230 968 454 1013; x_wconf 86' lang='lat' dir='ltr'>quandoque</span> <span class='ocrx_word' id='word_1_103' title='bbox 483 973 519 1001; x_wconf 87' lang='lat' dir='ltr'>et</span> <span class='ocrx_word' id='word_1_104' title='bbox 545 968 703 1010; x_wconf 86' lang='lat' dir='ltr'>obtusa,</span> <span class='ocrx_word' id='word_1_105' title='bbox 741 969 880 1002; x_wconf 82' lang='lat' dir='ltr'>mutica</span> <span class='ocrx_word' id='word_1_106' title='bbox 917 973 983 1002; x_wconf 86' lang='lat' dir='ltr'>aut</span> <span class='ocrx_word' id='word_1_107' title='bbox 1010 968 1125 1002; x_wconf 87' lang='lat' dir='ltr'>altero</span> <span class='ocrx_word' id='word_1_108' title='bbox 1151 968 1224 1002; x_wconf 85' lang='lat' dir='ltr'>fine</span> <span class='ocrx_word' id='word_1_109' title='bbox 1250 968 1482 1004; x_wconf 87' lang='lat' dir='ltr'>unidentula.</span> <span class='ocrx_word' id='word_1_110' title='bbox 1535 970 1647 1005; x_wconf 89' lang='lat' dir='ltr'>Color</span> 
     </span>
     <span class='ocr_line' id='line_1_15' title="bbox 113 1026 1646 1070; baseline -0.001 -7"><span class='ocrx_word' id='word_1_111' title='bbox 113 1030 256 1065; x_wconf 74' lang='lat' dir='ltr'>viridis.</span> <span class='ocrx_word' id='word_1_112' title='bbox 309 1026 531 1063; x_wconf 82' lang='lat' dir='ltr'>Substantia</span> <span class='ocrx_word' id='word_1_113' title='bbox 559 1027 744 1070; x_wconf 86' lang='lat' dir='ltr'>rigidula;</span> <span class='ocrx_word' id='word_1_114' title='bbox 772 1027 807 1061; x_wconf 93' lang='lat' dir='ltr'>in</span> <span class='ocrx_word' id='word_1_115' title='bbox 836 1027 988 1061; x_wconf 86' lang='lat' dir='ltr'>humido</span> <span class='ocrx_word' id='word_1_116' title='bbox 1014 1032 1114 1062; x_wconf 86' lang='lat' dir='ltr'>statu</span> <span class='ocrx_word' id='word_1_117' title='bbox 1142 1027 1394 1062; x_wconf 80' lang='lat' dir='ltr'>strictiuscula</span> <span class='ocrx_word' id='word_1_118' title='bbox 1434 1032 1518 1062; x_wconf 89' lang='lat' dir='ltr'>sunt</span> <span class='ocrx_word' id='word_1_119' title='bbox 1548 1028 1646 1062; x_wconf 83' lang='lat' dir='ltr'>folia.</span> 
     </span>
     <span class='ocr_line' id='line_1_16' title="bbox 117 1086 817 1133; baseline -0.006 -8"><span class='ocrx_word' id='word_1_120' title='bbox 117 1091 212 1125; x_wconf 85' lang='lat' dir='ltr'>Retc</span> <span class='ocrx_word' id='word_1_121' title='bbox 240 1094 279 1123; x_wconf 90' lang='lat' dir='ltr'>ut</span> <span class='ocrx_word' id='word_1_122' title='bbox 306 1089 343 1122; x_wconf 91' lang='lat' dir='ltr'>in</span> <span class='ocrx_word' id='word_1_123' title='bbox 373 1086 565 1133; x_wconf 75' lang='lat' dir='ltr'>Geocalyce</span> <span class='ocrx_word' id='word_1_124' title='bbox 586 1087 817 1132; x_wconf 70' lang='lat' dir='ltr'>yraveolente.</span> 
     </span>
    </p>
   </div>
   <div class='ocr_carea' id='block_1_4' title="bbox 392 1187 1381 1248">
    <p class='ocr_par' dir='ltr' id='par_1_4' title="bbox 392 1187 1381 1248">
     <span class='ocr_line' id='line_1_17' title="bbox 392 1187 1381 1248; baseline 0.001 -18"><span class='ocrx_word' id='word_1_125' title='bbox 392 1189 546 1231; x_wconf 90' lang='lat' dir='ltr'>XIX.</span> <span class='ocrx_word' id='word_1_126' title='bbox 611 1188 1116 1248; x_wconf 67' lang='lat' dir='ltr'>Gongylanthus</span> <span class='ocrx_word' id='word_1_127' title='bbox 1151 1187 1210 1230; x_wconf 92' lang='lat' dir='ltr'>N.</span> <span class='ocrx_word' id='word_1_128' title='bbox 1243 1191 1294 1230; x_wconf 82' lang='lat' dir='ltr'>ab</span> <span class='ocrx_word' id='word_1_129' title='bbox 1329 1189 1381 1231; x_wconf 91' lang='lat' dir='ltr'>E.</span> 
     </span>
    </p>
   </div>
   <div class='ocr_carea' id='block_1_5' title="bbox 118 1269 1646 1378">
    <p class='ocr_par' dir='ltr' id='par_1_5' title="bbox 118 1269 1646 1378">
     <span class='ocr_line' id='line_1_18' title="bbox 118 1269 1646 1321; baseline -0.005 -11"><span class='ocrx_word' id='word_1_130' title='bbox 118 1276 211 1321; x_wconf 81' lang='lat' dir='ltr'>Hep.</span> <span class='ocrx_word' id='word_1_131' title='bbox 241 1273 331 1309; x_wconf 76' lang='lat' dir='ltr'>Eur.</span> <span class='ocrx_word' id='word_1_132' title='bbox 360 1272 411 1306; x_wconf 93' lang='lat' dir='ltr'>II.</span> <span class='ocrx_word' id='word_1_133' title='bbox 436 1283 472 1318; x_wconf 85' lang='lat' dir='ltr'>p.</span> <span class='ocrx_word' id='word_1_134' title='bbox 500 1275 583 1306; x_wconf 82' lang='lat'>388.</span> <span class='ocrx_word' id='word_1_135' title='bbox 611 1278 702 1317; x_wconf 80' lang='lat' dir='ltr'>etp.</span> <span class='ocrx_word' id='word_1_136' title='bbox 730 1273 814 1305; x_wconf 80' lang='lat'>405.</span> <span class='ocrx_word' id='word_1_137' title='bbox 841 1282 876 1304; x_wconf 74' lang='grc' dir='ltr'>η.</span> <span class='ocrx_word' id='word_1_138' title='bbox 903 1274 937 1304; x_wconf 86' lang='grc'>3.</span> <span class='ocrx_word' id='word_1_139' title='bbox 966 1271 1034 1304; x_wconf 88' lang='lat' dir='ltr'>IV.</span> <span class='ocrx_word' id='word_1_140' title='bbox 1055 1282 1094 1316; x_wconf 81' lang='lat' dir='ltr'>p.</span> <span class='ocrx_word' id='word_1_141' title='bbox 1124 1271 1284 1304; x_wconf 82' lang='lat' dir='ltr'>XXIII.</span> <span class='ocrx_word' id='word_1_142' title='bbox 1312 1284 1345 1305; x_wconf 72' lang='grc' dir='ltr'>η.</span> <span class='ocrx_word' id='word_1_143' title='bbox 1378 1274 1429 1305; x_wconf 85' lang='grc'>13.</span> <span class='ocrx_word' id='word_1_144' title='bbox 1484 1269 1646 1305; x_wconf 73' lang='grc' dir='ltr'>Εη(ἰίι”(·1ι.</span> 
     </span>
     <span class='ocr_line' id='line_1_19' title="bbox 118 1329 1262 1378; baseline -0.002 -12"><span class='ocrx_word' id='word_1_145' title='bbox 118 1333 206 1367; x_wconf 77' lang='lat' dir='ltr'>Gen.</span> <span class='ocrx_word' id='word_1_146' title='bbox 228 1344 266 1378; x_wconf 80' lang='lat' dir='ltr'>p.</span> <span class='ocrx_word' id='word_1_147' title='bbox 299 1334 400 1365; x_wconf 82' lang='lat'>1343.</span> <span class='ocrx_word' id='word_1_148' title='bbox 428 1342 462 1365; x_wconf 78' lang='lat' dir='ltr'>n.</span> <span class='ocrx_word' id='word_1_149' title='bbox 490 1330 641 1377; x_wconf 60' lang='lat'>4721221.</span> <span class='ocrx_word' id='word_1_150' title='bbox 693 1329 947 1374; x_wconf 72' lang='lat' dir='ltr'>Calypogeiae</span> <span class='ocrx_word' id='word_1_151' title='bbox 973 1340 1095 1373; x_wconf 82' lang='lat' dir='ltr'>specc.</span> <span class='ocrx_word' id='word_1_152' title='bbox 1129 1330 1262 1364; x_wconf 78' lang='lat' dir='ltr'>Raddi.</span> 
     </span>
    </p>
   </div>
   <div class='ocr_carea' id='block_1_6' title="bbox 115 1401 1648 1990">
    <p class='ocr_par' dir='ltr' id='par_1_6' title="bbox 116 1401 1648 1742">
     <span class='ocr_line' id='line_1_20' title="bbox 215 1401 1647 1446; baseline -0.001 -8"><span class='ocrx_word' id='word_1_153' title='bbox 215 1404 454 1438; x_wconf 72' lang='lat' dir='ltr'>Involucrum</span> <span class='ocrx_word' id='word_1_154' title='bbox 493 1402 647 1436; x_wconf 84' lang='lat' dir='ltr'>laterale</span> <span class='ocrx_word' id='word_1_155' title='bbox 693 1401 870 1441; x_wconf 87' lang='lat' dir='ltr'>inferum,</span> <span class='ocrx_word' id='word_1_156' title='bbox 913 1401 1089 1443; x_wconf 82' lang='lat' dir='ltr'>longum,</span> <span class='ocrx_word' id='word_1_157' title='bbox 1130 1401 1387 1442; x_wconf 78' lang='lat' dir='ltr'>chartaceum,</span> <span class='ocrx_word' id='word_1_158' title='bbox 1431 1403 1647 1446; x_wconf 81' lang='lat' dir='ltr'>pendulum,</span> 
     </span>
     <span class='ocr_line' id='line_1_21' title="bbox 117 1460 1646 1506; baseline -0.002 -7"><span class='ocrx_word' id='word_1_159' title='bbox 117 1461 571 1501; x_wconf 82' lang='lat' dir='ltr'>radiculoso-villosum,</span> <span class='ocrx_word' id='word_1_160' title='bbox 610 1460 719 1494; x_wconf 86' lang='lat' dir='ltr'>iuxta</span> <span class='ocrx_word' id='word_1_161' title='bbox 759 1460 903 1504; x_wconf 79' lang='lat' dir='ltr'>apicem</span> <span class='ocrx_word' id='word_1_162' title='bbox 950 1470 1057 1493; x_wconf 91' lang='lat' dir='ltr'>suum</span> <span class='ocrx_word' id='word_1_163' title='bbox 1099 1460 1199 1494; x_wconf 79' lang='lat' dir='ltr'>cauli</span> <span class='ocrx_word' id='word_1_164' title='bbox 1241 1460 1419 1494; x_wconf 85' lang='lat' dir='ltr'>adnatum</span> <span class='ocrx_word' id='word_1_165' title='bbox 1459 1466 1495 1495; x_wconf 87' lang='lat' dir='ltr'>et</span> <span class='ocrx_word' id='word_1_166' title='bbox 1530 1473 1646 1506; x_wconf 87' lang='lat' dir='ltr'>prope</span> 
     </span>
     <span class='ocr_line' id='line_1_22' title="bbox 116 1519 1642 1567; baseline -0.001 -10"><span class='ocrx_word' id='word_1_167' title='bbox 116 1528 294 1567; x_wconf 87' lang='lat' dir='ltr'>punctum</span> <span class='ocrx_word' id='word_1_168' title='bbox 332 1520 573 1555; x_wconf 81' lang='lat' dir='ltr'>adhaesionis</span> <span class='ocrx_word' id='word_1_169' title='bbox 607 1521 756 1554; x_wconf 88' lang='lat' dir='ltr'>demum</span> <span class='ocrx_word' id='word_1_170' title='bbox 794 1520 1004 1554; x_wconf 86' lang='lat' dir='ltr'>dehiscens.</span> <span class='ocrx_word' id='word_1_171' title='bbox 1066 1519 1326 1554; x_wconf 86' lang='lat' dir='ltr'>Perianthium</span> <span class='ocrx_word' id='word_1_172' title='bbox 1362 1521 1514 1555; x_wconf 84' lang='lat' dir='ltr'>nullum.</span> <span class='ocrx_word' id='word_1_173' title='bbox 1567 1522 1642 1555; x_wconf 91' lang='lat' dir='ltr'>Ca-</span> 
     </span>
     <span class='ocr_line' id='line_1_23' title="bbox 118 1579 1644 1626; baseline -0.001 -11"><span class='ocrx_word' id='word_1_174' title='bbox 118 1583 239 1626; x_wconf 83' lang='lat' dir='ltr'>lyptra</span> <span class='ocrx_word' id='word_1_175' title='bbox 270 1581 384 1615; x_wconf 77' lang='lat' dir='ltr'>fundo</span> <span class='ocrx_word' id='word_1_176' title='bbox 418 1580 621 1621; x_wconf 78' lang='lat' dir='ltr'>involucri,</span> <span class='ocrx_word' id='word_1_177' title='bbox 665 1590 730 1613; x_wconf 88' lang='lat' dir='ltr'>seu</span> <span class='ocrx_word' id='word_1_178' title='bbox 759 1580 885 1623; x_wconf 90' lang='lat' dir='ltr'>potius</span> <span class='ocrx_word' id='word_1_179' title='bbox 913 1579 981 1613; x_wconf 84' lang='lat' dir='ltr'>tori</span> <span class='ocrx_word' id='word_1_180' title='bbox 1018 1580 1164 1620; x_wconf 81' lang='lat' dir='ltr'>adfixa,</span> <span class='ocrx_word' id='word_1_181' title='bbox 1207 1590 1290 1613; x_wconf 86' lang='lat' dir='ltr'>cum</span> <span class='ocrx_word' id='word_1_182' title='bbox 1328 1580 1482 1624; x_wconf 82' lang='lat' dir='ltr'>capsula</span> <span class='ocrx_word' id='word_1_183' title='bbox 1522 1581 1568 1613; x_wconf 84' lang='lat' dir='ltr'>ad</span> <span class='ocrx_word' id='word_1_184' title='bbox 1602 1591 1644 1613; x_wconf 88' lang='lat' dir='ltr'>os</span> 
     </span>
     <span class='ocr_line' id='line_1_24' title="bbox 117 1637 1648 1685; baseline -0.002 -11"><span class='ocrx_word' id='word_1_185' title='bbox 117 1651 236 1685; x_wconf 89' lang='lat' dir='ltr'>usque</span> <span class='ocrx_word' id='word_1_186' title='bbox 275 1639 458 1674; x_wconf 75' lang='lat' dir='ltr'>involucri</span> <span class='ocrx_word' id='word_1_187' title='bbox 503 1639 757 1679; x_wconf 84' lang='lat' dir='ltr'>adscendens,</span> <span class='ocrx_word' id='word_1_188' title='bbox 797 1638 945 1672; x_wconf 89' lang='lat' dir='ltr'>demum</span> <span class='ocrx_word' id='word_1_189' title='bbox 983 1637 1090 1681; x_wconf 87' lang='lat' dir='ltr'>apice</span> <span class='ocrx_word' id='word_1_190' title='bbox 1126 1648 1313 1682; x_wconf 88' lang='lat' dir='ltr'>rumpens.</span> <span class='ocrx_word' id='word_1_191' title='bbox 1367 1639 1529 1682; x_wconf 87' lang='lat' dir='ltr'>Capsula</span> <span class='ocrx_word' id='word_1_192' title='bbox 1555 1650 1648 1683; x_wconf 83' lang='lat' dir='ltr'>qna-</span> 
     </span>
     <span class='ocr_line' id='line_1_25' title="bbox 117 1697 1108 1742; baseline -0.001 -9"><span class='ocrx_word' id='word_1_193' title='bbox 117 1699 308 1739; x_wconf 68' lang='lat' dir='ltr'>‹lm-alvis,</span> <span class='ocrx_word' id='word_1_194' title='bbox 340 1698 496 1733; x_wconf 69' lang='lat' dir='ltr'>valvulis</span> <span class='ocrx_word' id='word_1_195' title='bbox 521 1697 691 1742; x_wconf 82' lang='lat' dir='ltr'>angustis</span> <span class='ocrx_word' id='word_1_196' title='bbox 718 1697 881 1742; x_wconf 86' lang='lat' dir='ltr'>obliquis</span> <span class='ocrx_word' id='word_1_197' title='bbox 909 1697 1108 1732; x_wconf 80' lang='lat' dir='ltr'>tortilibus.</span> 
     </span>
    </p>

    <p class='ocr_par' dir='ltr' id='par_1_7' title="bbox 115 1766 1648 1990">
     <span class='ocr_line' id='line_1_26' title="bbox 214 1766 1647 1815; baseline -0.003 -11"><span class='ocrx_word' id='word_1_198' title='bbox 214 1771 375 1804; x_wconf 80' lang='lat' dir='ltr'>Plantae</span> <span class='ocrx_word' id='word_1_199' title='bbox 410 1770 601 1815; x_wconf 83' lang='lat' dir='ltr'>(Italicae)</span> <span class='ocrx_word' id='word_1_200' title='bbox 638 1769 844 1804; x_wconf 87' lang='lat' dir='ltr'>arctissime</span> <span class='ocrx_word' id='word_1_201' title='bbox 881 1774 1078 1813; x_wconf 82' lang='lat' dir='ltr'>repenteS‚</span> <span class='ocrx_word' id='word_1_202' title='bbox 1116 1769 1418 1814; x_wconf 68' lang='lat' dir='ltr'>Janyermanniae</span> <span class='ocrx_word' id='word_1_203' title='bbox 1453 1766 1647 1801; x_wconf 85' lang='lat' dir='ltr'>cuiusdam</span> 
     </span>
     <span class='ocr_line' id='line_1_27' title="bbox 116 1827 1645 1872; baseline -0.001 -10"><span class='ocrx_word' id='word_1_204' title='bbox 116 1829 270 1863; x_wconf 85' lang='lat' dir='ltr'>minoris</span> <span class='ocrx_word' id='word_1_205' title='bbox 296 1840 344 1863; x_wconf 84' lang='lat' dir='ltr'>ex</span> <span class='ocrx_word' id='word_1_206' title='bbox 371 1829 679 1872; x_wconf 83' lang='lat' dir='ltr'>integrifoliarum</span> <span class='ocrx_word' id='word_1_207' title='bbox 708 1828 873 1862; x_wconf 87' lang='lat' dir='ltr'>sectione</span> <span class='ocrx_word' id='word_1_208' title='bbox 897 1827 1153 1869; x_wconf 84' lang='lat' dir='ltr'>similitudine,</span> <span class='ocrx_word' id='word_1_209' title='bbox 1182 1828 1278 1862; x_wconf 89' lang='lat' dir='ltr'>foliis</span> <span class='ocrx_word' id='word_1_210' title='bbox 1292 1827 1467 1862; x_wconf 87' lang='lat' dir='ltr'>succubis</span> <span class='ocrx_word' id='word_1_211' title='bbox 1486 1828 1645 1861; x_wconf 86' lang='lat' dir='ltr'>adscen-</span> 
     </span>
     <span class='ocr_line' id='line_1_28' title="bbox 117 1886 1648 1931; baseline -0.003 -7"><span class='ocrx_word' id='word_1_212' title='bbox 117 1889 292 1924; x_wconf 87' lang='lat' dir='ltr'>dentibus</span> <span class='ocrx_word' id='word_1_213' title='bbox 319 1888 487 1931; x_wconf 82' lang='lat' dir='ltr'>integris,</span> <span class='ocrx_word' id='word_1_214' title='bbox 516 1887 794 1930; x_wconf 77' lang='lat' dir='ltr'>aniphigastriis</span> <span class='ocrx_word' id='word_1_215' title='bbox 821 1891 1004 1921; x_wconf 86' lang='lat' dir='ltr'>carentes.</span> <span class='ocrx_word' id='word_1_216' title='bbox 1059 1887 1277 1928; x_wconf 76' lang='lat' dir='ltr'>Involucra,</span> <span class='ocrx_word' id='word_1_217' title='bbox 1316 1889 1345 1920; x_wconf 92' lang='lat' dir='ltr'>si</span> <span class='ocrx_word' id='word_1_218' title='bbox 1380 1897 1463 1920; x_wconf 89' lang='lat' dir='ltr'>cum</span> <span class='ocrx_word' id='word_1_219' title='bbox 1498 1886 1648 1930; x_wconf 81' lang='lat' dir='ltr'>plantae</span> 
     </span>
     <span class='ocr_line' id='line_1_29' title="bbox 115 1945 1647 1990; baseline -0.004 -8"><span class='ocrx_word' id='word_1_220' title='bbox 115 1952 259 1982; x_wconf 81' lang='lat' dir='ltr'>statura</span> <span class='ocrx_word' id='word_1_221' title='bbox 286 1958 332 1982; x_wconf 85' lang='lat' dir='ltr'>ea</span> <span class='ocrx_word' id='word_1_222' title='bbox 358 1957 573 1990; x_wconf 87' lang='lat' dir='ltr'>compares,</span> <span class='ocrx_word' id='word_1_223' title='bbox 613 1945 791 1988; x_wconf 87' lang='lat' dir='ltr'>grandia,</span> <span class='ocrx_word' id='word_1_224' title='bbox 827 1945 1125 1988; x_wconf 72' lang='lat' dir='ltr'>subcylindrica,</span> <span class='ocrx_word' id='word_1_225' title='bbox 1159 1945 1261 1980; x_wconf 86' lang='lat' dir='ltr'>fibris</span> <span class='ocrx_word' id='word_1_226' title='bbox 1288 1945 1478 1989; x_wconf 87' lang='lat' dir='ltr'>adpressis</span> <span class='ocrx_word' id='word_1_227' title='bbox 1505 1945 1647 1979; x_wconf 86' lang='lat' dir='ltr'>villosa.</span> 
     </span>
    </p>
   </div>
   <div class='ocr_carea' id='block_1_7' title="bbox 354 2040 1415 2088">
    <p class='ocr_par' dir='ltr' id='par_1_8' title="bbox 354 2040 1415 2088">
     <span class='ocr_line' id='line_1_30' title="bbox 354 2040 1415 2088; baseline 0 -14"><span class='ocrx_word' id='word_1_228' title='bbox 354 2044 384 2074; x_wconf 92' lang='grc'>1.</span> <span class='ocrx_word' id='word_1_229' title='bbox 437 2040 842 2088; x_wconf 61' lang='grc' dir='ltr'>θοηρῃῑαηηιιιε</span> <span class='ocrx_word' id='word_1_230' title='bbox 869 2040 1185 2075; x_wconf 74' lang='lat' dir='ltr'>ericetorum</span> <span class='ocrx_word' id='word_1_231' title='bbox 1222 2040 1268 2074; x_wconf 92' lang='lat' dir='ltr'>N.</span> <span class='ocrx_word' id='word_1_232' title='bbox 1297 2041 1344 2074; x_wconf 88' lang='lat' dir='ltr'>ab</span> <span class='ocrx_word' id='word_1_233' title='bbox 1373 2041 1415 2074; x_wconf 85' lang='lat' dir='ltr'>E.</span> 
     </span>
    </p>
   </div>
   <div class='ocr_carea' id='block_1_8' title="bbox 213 2109 1648 2156">
    <p class='ocr_par' dir='ltr' id='par_1_9' title="bbox 213 2109 1648 2156">
     <span class='ocr_line' id='line_1_31' title="bbox 213 2109 1648 2156; baseline -0.001 -11"><span class='ocrx_word' id='word_1_234' title='bbox 213 2114 257 2147; x_wconf 80' lang='lat' dir='ltr'>G.</span> <span class='ocrx_word' id='word_1_235' title='bbox 285 2112 381 2146; x_wconf 79' lang='lat' dir='ltr'>caule</span> <span class='ocrx_word' id='word_1_236' title='bbox 406 2112 603 2146; x_wconf 76' lang='lat' dir='ltr'>brevissimo</span> <span class='ocrx_word' id='word_1_237' title='bbox 627 2110 798 2145; x_wconf 76' lang='lat' dir='ltr'>subdiviso</span> <span class='ocrx_word' id='word_1_238' title='bbox 824 2110 1018 2144; x_wconf 74' lang='lat' dir='ltr'>arctissime</span> <span class='ocrx_word' id='word_1_239' title='bbox 1052 2116 1192 2156; x_wconf 80' lang='lat' dir='ltr'>repente</span> <span class='ocrx_word' id='word_1_240' title='bbox 1217 2109 1428 2156; x_wconf 67' lang='lat' dir='ltr'>eflayellarz&#39;,</span> <span class='ocrx_word' id='word_1_241' title='bbox 1463 2111 1648 2145; x_wconf 74' lang='lat' dir='ltr'>involueris</span> 
     </span>
    </p>
   </div>
   <div class='ocr_carea' id='block_1_9' title="bbox 109 2172 1645 2277">
    <p class='ocr_par' dir='ltr' id='par_1_10' title="bbox 109 2172 1645 2277">
     <span class='ocr_line' id='line_1_32' title="bbox 109 2172 706 2217; baseline 0.002 -14"><span class='ocrx_word' id='word_1_242' title='bbox 109 2172 314 2217; x_wconf 74' lang='lat' dir='ltr'>praelonyis</span> <span class='ocrx_word' id='word_1_243' title='bbox 338 2183 477 2205; x_wconf 78' lang='lat' dir='ltr'>sursum</span> <span class='ocrx_word' id='word_1_244' title='bbox 502 2172 706 2205; x_wconf 80' lang='lat' dir='ltr'>attenuatis.</span> 
     </span>
     <span class='ocr_line' id='line_1_33' title="bbox 309 2229 1645 2277; baseline -0.001 -13"><span class='ocrx_word' id='word_1_245' title='bbox 309 2231 573 2275; x_wconf 66' lang='lat' dir='ltr'>Gongylanthns</span> <span class='ocrx_word' id='word_1_246' title='bbox 601 2233 811 2269; x_wconf 75' lang='lat' dir='ltr'>ericetorum</span> <span class='ocrx_word' id='word_1_247' title='bbox 843 2230 889 2263; x_wconf 83' lang='grc' dir='ltr'>Ν.</span> <span class='ocrx_word' id='word_1_248' title='bbox 916 2230 958 2264; x_wconf 81' lang='lat' dir='ltr'>ab</span> <span class='ocrx_word' id='word_1_249' title='bbox 986 2229 1031 2263; x_wconf 84' lang='lat' dir='ltr'>E.</span> <span class='ocrx_word' id='word_1_250' title='bbox 1062 2230 1157 2275; x_wconf 81' lang='lat' dir='ltr'>Hep.</span> <span class='ocrx_word' id='word_1_251' title='bbox 1188 2230 1279 2265; x_wconf 79' lang='lat' dir='ltr'>Eur.</span> <span class='ocrx_word' id='word_1_252' title='bbox 1309 2231 1361 2265; x_wconf 89' lang='grc' dir='ltr'>ῙῙ.</span> <span class='ocrx_word' id='word_1_253' title='bbox 1384 2243 1421 2277; x_wconf 82' lang='lat' dir='ltr'>p.</span> <span class='ocrx_word' id='word_1_254' title='bbox 1448 2233 1530 2264; x_wconf 82' lang='lat'>407.</span> <span class='ocrx_word' id='word_1_255' title='bbox 1557 2242 1591 2263; x_wconf 79' lang='lat'>71.</span> <span class='ocrx_word' id='word_1_256' title='bbox 1617 2233 1645 2262; x_wconf 94' lang='grc'>1.</span> 
     </span>
    </p>
   </div>
   <div class='ocr_carea' id='block_1_10' title="bbox 306 2288 1645 2395">
    <p class='ocr_par' dir='ltr' id='par_1_11' title="bbox 306 2288 1645 2395">
     <span class='ocr_line' id='line_1_34' title="bbox 387 2288 827 2336; baseline -0.002 -13"><span class='ocrx_word' id='word_1_257' title='bbox 387 2302 425 2336; x_wconf 80' lang='lat' dir='ltr'>p.</span> <span class='ocrx_word' id='word_1_258' title='bbox 453 2292 537 2324; x_wconf 80' lang='lat'>406.</span> <span class='ocrx_word' id='word_1_259' title='bbox 567 2289 636 2323; x_wconf 87' lang='lat' dir='ltr'>IV.</span> <span class='ocrx_word' id='word_1_260' title='bbox 658 2301 696 2334; x_wconf 79' lang='lat' dir='ltr'>p.</span> <span class='ocrx_word' id='word_1_261' title='bbox 726 2288 827 2322; x_wconf 90' lang='lat' dir='ltr'><strong>LVI.</strong></span> 
     </span>
     <span class='ocr_line' id='line_1_35' title="bbox 306 2347 1645 2395; baseline -0.003 -12"><span class='ocrx_word' id='word_1_262' title='bbox 306 2351 516 2395; x_wconf 69' lang='lat' dir='ltr'>Calypogeia</span> <span class='ocrx_word' id='word_1_263' title='bbox 552 2351 762 2382; x_wconf 71' lang='lat' dir='ltr'>ericetorum</span> <span class='ocrx_word' id='word_1_264' title='bbox 802 2347 928 2382; x_wconf 73' lang='lat' dir='ltr'>Raddz·</span> <span class='ocrx_word' id='word_1_265' title='bbox 967 2347 1303 2393; x_wconf 69' lang='lat' dir='ltr'>Junyermmmioqr.</span> <span class='ocrx_word' id='word_1_266' title='bbox 1341 2347 1423 2382; x_wconf 87' lang='lat' dir='ltr'>Etr.</span> <span class='ocrx_word' id='word_1_267' title='bbox 1460 2348 1498 2381; x_wconf 79' lang='lat' dir='ltr'>in</span> <span class='ocrx_word' id='word_1_268' title='bbox 1537 2348 1645 2382; x_wconf 73' lang='grc' dir='ltr'><em>Μεηι.</em></span> 
     </span>
    </p>
   </div>
   <div class='ocr_carea' id='block_1_11' title="bbox 112 2406 1645 2629">
    <p class='ocr_par' dir='ltr' id='par_1_12' title="bbox 112 2406 1645 2629">
     <span class='ocr_line' id='line_1_36' title="bbox 392 2406 1644 2453; baseline -0.001 -12"><span class='ocrx_word' id='word_1_269' title='bbox 392 2406 483 2441; x_wconf 78' lang='lat' dir='ltr'>della</span> <span class='ocrx_word' id='word_1_270' title='bbox 511 2407 589 2441; x_wconf 82' lang='lat' dir='ltr'>Soc.</span> <span class='ocrx_word' id='word_1_271' title='bbox 617 2406 704 2441; x_wconf 80' lang='lat' dir='ltr'>Ital.</span> <span class='ocrx_word' id='word_1_272' title='bbox 732 2407 769 2440; x_wconf 70' lang='lat' dir='ltr'>cli</span> <span class='ocrx_word' id='word_1_273' title='bbox 796 2407 896 2441; x_wconf 75' lang='lat' dir='ltr'>Mod.</span> <span class='ocrx_word' id='word_1_274' title='bbox 925 2407 1044 2441; x_wconf 79' lang='lat' dir='ltr'>XIX.</span> <span class='ocrx_word' id='word_1_275' title='bbox 1068 2419 1105 2452; x_wconf 78' lang='lat' dir='ltr'>p.</span> <span class='ocrx_word' id='word_1_276' title='bbox 1134 2409 1193 2442; x_wconf 82' lang='lat'>42.</span> <span class='ocrx_word' id='word_1_277' title='bbox 1222 2408 1273 2441; x_wconf 78' lang='lat' dir='ltr'>ecl.</span> <span class='ocrx_word' id='word_1_278' title='bbox 1300 2407 1363 2443; x_wconf 80' lang='lat' dir='ltr'>alt.</span> <span class='ocrx_word' id='word_1_279' title='bbox 1392 2407 1511 2442; x_wconf 80' lang='lat' dir='ltr'>Bmm.</span> <span class='ocrx_word' id='word_1_280' title='bbox 1534 2420 1571 2453; x_wconf 81' lang='lat' dir='ltr'>p.</span> <span class='ocrx_word' id='word_1_281' title='bbox 1592 2410 1644 2441; x_wconf 90' lang='lat'>19.</span> 
     </span>
     <span class='ocr_line' id='line_1_37' title="bbox 389 2467 1508 2502; baseline 0 -2"><span class='ocrx_word' id='word_1_282' title='bbox 389 2473 416 2501; x_wconf 86' lang='lat' dir='ltr'>t.</span> <span class='ocrx_word' id='word_1_283' title='bbox 442 2469 477 2501; x_wconf 89' lang='lat'>6.</span> <span class='ocrx_word' id='word_1_284' title='bbox 530 2467 541 2502; x_wconf 76' lang='lat'>¹.</span> <span class='ocrx_word' id='word_1_285' title='bbox 571 2471 602 2500; x_wconf 91' lang='lat'>1.</span> <span class='ocrx_word' id='word_1_286' title='bbox 1504 2475 1508 2477; x_wconf 63' lang='grc'><strong>-</strong></span> 
     </span>
     <span class='ocr_line' id='line_1_38' title="bbox 211 2469 1645 2570; baseline -0.001 -12"><span class='ocrx_word' id='word_1_287' title='bbox 211 2525 372 2559; x_wconf 85' lang='lat' dir='ltr'>Habitat</span> <span class='ocrx_word' id='word_1_288' title='bbox 406 2524 443 2558; x_wconf 89' lang='lat' dir='ltr'>in</span> <span class='ocrx_word' id='word_1_289' title='bbox 479 2469 664 2559; x_wconf 49' lang='lat' dir='ltr'>frziticetis</span> <span class='ocrx_word' id='word_1_290' title='bbox 699 2525 839 2560; x_wconf 85' lang='lat' dir='ltr'>Montis</span> <span class='ocrx_word' id='word_1_291' title='bbox 873 2525 940 2559; x_wconf 85' lang='lat' dir='ltr'>de&#39;</span> <span class='ocrx_word' id='word_1_292' title='bbox 968 2525 1108 2560; x_wconf 87' lang='lat' dir='ltr'>Vecchi</span> <span class='ocrx_word' id='word_1_293' title='bbox 1145 2536 1260 2570; x_wconf 89' lang='lat' dir='ltr'>prope</span> <span class='ocrx_word' id='word_1_294' title='bbox 1297 2524 1456 2569; x_wconf 81' lang='lat' dir='ltr'>Careggi</span> <span class='ocrx_word' id='word_1_295' title='bbox 1500 2524 1645 2564; x_wconf 85' lang='lat' dir='ltr'>Italiae,</span> 
     </span>
     <span class='ocr_line' id='line_1_39' title="bbox 112 2583 1643 2629; baseline -0.002 -10"><span class='ocrx_word' id='word_1_296' title='bbox 112 2591 149 2620; x_wconf 89' lang='lat' dir='ltr'>et</span> <span class='ocrx_word' id='word_1_297' title='bbox 173 2584 212 2618; x_wconf 91' lang='lat' dir='ltr'>in</span> <span class='ocrx_word' id='word_1_298' title='bbox 238 2583 382 2619; x_wconf 88' lang='lat' dir='ltr'>collinis</span> <span class='ocrx_word' id='word_1_299' title='bbox 410 2584 496 2618; x_wconf 91' lang='lat' dir='ltr'>iude</span> <span class='ocrx_word' id='word_1_300' title='bbox 524 2584 571 2617; x_wconf 88' lang='lat' dir='ltr'>ad</span> <span class='ocrx_word' id='word_1_301' title='bbox 598 2584 846 2628; x_wconf 86' lang='lat' dir='ltr'>Trespianum</span> <span class='ocrx_word' id='word_1_302' title='bbox 872 2595 1005 2629; x_wconf 84' lang='lat' dir='ltr'>usque,</span> <span class='ocrx_word' id='word_1_303' title='bbox 1040 2585 1225 2629; x_wconf 80' lang='lat' dir='ltr'>frequens,</span> <span class='ocrx_word' id='word_1_304' title='bbox 1275 2583 1442 2627; x_wconf 87' lang='lat' dir='ltr'>(Raddi;</span> <span class='ocrx_word' id='word_1_305' title='bbox 1479 2594 1578 2627; x_wconf 88' lang='lat' dir='ltr'>spec.</span> <span class='ocrx_word' id='word_1_306' title='bbox 1606 2583 1643 2617; x_wconf 89' lang='lat' dir='ltr'>in</span> 
     </span>
    </p>
   </div>
   <div class='ocr_carea' id='block_1_12' title="bbox 113 2642 642 2686">
    <p class='ocr_par' dir='ltr' id='par_1_13' title="bbox 113 2642 642 2686">
     <span class='ocr_line' id='line_1_40' title="bbox 113 2642 642 2686; baseline -0.002 -8"><span class='ocrx_word' id='word_1_307' title='bbox 113 2644 190 2678; x_wconf 89' lang='lat' dir='ltr'>Hb.</span> <span class='ocrx_word' id='word_1_308' title='bbox 221 2644 269 2678; x_wconf 91' lang='lat' dir='ltr'>N.</span> <span class='ocrx_word' id='word_1_309' title='bbox 296 2653 344 2677; x_wconf 86' lang='lat' dir='ltr'>ex</span> <span class='ocrx_word' id='word_1_310' title='bbox 374 2642 448 2676; x_wconf 89' lang='lat' dir='ltr'>Hb.</span> <span class='ocrx_word' id='word_1_311' title='bbox 481 2643 642 2686; x_wconf 83' lang='lat' dir='ltr'>Braun.)</span> 
     </span>
    </p>
   </div>
   <div class='ocr_carea' id='block_1_13' title="bbox 336 2735 1435 2784">
    <p class='ocr_par' dir='ltr' id='par_1_14' title="bbox 336 2735 1435 2784">
     <span class='ocr_line' id='line_1_41' title="bbox 336 2735 1435 2784; baseline 0.001 -15"><span class='ocrx_word' id='word_1_312' title='bbox 336 2738 372 2770; x_wconf 83' lang='lat'>2.</span> <span class='ocrx_word' id='word_1_313' title='bbox 426 2735 828 2782; x_wconf 64' lang='lat' dir='ltr'>Gongylanthus</span> <span class='ocrx_word' id='word_1_314' title='bbox 840 2735 1216 2784; x_wconf 64' lang='lat' dir='ltr'>flagellfferus</span> <span class='ocrx_word' id='word_1_315' title='bbox 1244 2736 1290 2770; x_wconf 89' lang='lat' dir='ltr'>N.</span> <span class='ocrx_word' id='word_1_316' title='bbox 1318 2737 1365 2770; x_wconf 88' lang='lat' dir='ltr'>ab</span> <span class='ocrx_word' id='word_1_317' title='bbox 1393 2737 1435 2770; x_wconf 90' lang='lat' dir='ltr'>E.</span> 
     </span>
    </p>
   </div>
   <div class='ocr_carea' id='block_1_14' title="bbox 109 2804 1647 2911">
    <p class='ocr_par' dir='ltr' id='par_1_15' title="bbox 109 2804 1647 2911">
     <span class='ocr_line' id='line_1_42' title="bbox 208 2804 1647 2854; baseline -0.001 -15"><span class='ocrx_word' id='word_1_318' title='bbox 208 2805 253 2840; x_wconf 83' lang='lat' dir='ltr'>G.</span> <span class='ocrx_word' id='word_1_319' title='bbox 271 2804 367 2839; x_wconf 80' lang='lat' dir='ltr'>caule</span> <span class='ocrx_word' id='word_1_320' title='bbox 392 2805 546 2850; x_wconf 72' lang='lat' dir='ltr'>elonqato</span> <span class='ocrx_word' id='word_1_321' title='bbox 572 2806 741 2841; x_wconf 71' lang='lat' dir='ltr'>subdiviso</span> <span class='ocrx_word' id='word_1_322' title='bbox 766 2807 888 2843; x_wconf 76' lang='lat' dir='ltr'>subtus</span> <span class='ocrx_word' id='word_1_323' title='bbox 903 2808 1123 2854; x_wconf 72' lang='lat' dir='ltr'>flayellifi’ro</span> <span class='ocrx_word' id='word_1_324' title='bbox 1143 2808 1433 2852; x_wconf 57' lang='lat' dir='ltr'>(nudiusculff),</span> <span class='ocrx_word' id='word_1_325' title='bbox 1459 2805 1647 2840; x_wconf 77' lang='lat' dir='ltr'>involueris</span> 
     </span>
     <span class='ocr_line' id='line_1_43' title="bbox 109 2864 386 2911; baseline 0.007 -13"><span class='ocrx_word' id='word_1_326' title='bbox 109 2864 386 2911; x_wconf 73' lang='lat' dir='ltr'>sztbeylimlricis.</span> 
     </span>
    </p>
   </div>
  </div>
 </body>
</html>
