1824 3252
723 175 961 211 Madotheca.
1537 177 1611 210 269

87 299 129 330 ut
164 305 243 329 mos
278 296 354 336 est,
390 294 449 327 7-
470 294 492 326 8
526 290 725 331 laciniato;
764 288 909 324 laciniis
949 287 1168 323 lanceolatis
1201 287 1452 323 denticulatis.
1504 288 1610 323 Folia

84 352 314 390 involueralia
338 350 517 396 imparia,
544 350 700 383 alterum
728 349 844 383 altero
871 349 1013 391 minus;
1050 348 1356 392 amphigastrium
1381 347 1609 382 involucrale

87 415 192 450 ovale
228 412 396 456 margine
437 409 717 445 denticulatum.
788 409 1035 443 Periantliium
1076 419 1096 443 e
1135 407 1362 453 perichaetio
1400 408 1457 443 vel
1498 407 1610 442 altius

87 472 242 517 emergit
271 471 330 507 vel
356 469 542 505 interdum
568 469 782 504 immersum
808 469 967 503 videtur.

425 579 480 611 12.
531 576 851 612 Madotheca
875 575 1114 611 leiboldu'
1148 574 1276 610 Lehm.

185 662 241 696 M.
278 661 375 696 caule
407 667 542 706 repente
573 672 708 694 ramoso
741 661 914 694 interdum
935 657 1169 705 fasciculam,
1192 657 1298 704 foliis
1329 657 1615 702 ovato-oblmzyis

88 723 256 768 contiquis
281 720 334 755 vel
350 720 536 767 paululum
561 719 764 759 imbricatis,
782 721 878 765 apice
893 720 1041 753 rotundo
1066 719 1203 751 dorsum
1225 729 1339 751 versus
1362 716 1528 757 revoluto,
1553 717 1610 750 in·-

88 782 301 827 teyewimis,
345 779 454 813 lobttlo
487 778 627 823 oblonyo
659 780 754 824 apice
786 780 931 812 rotundo
964 778 1203 822 inteqerrimo,
1245 776 1419 811 nonnullis
1448 776 1611 823 (plantae

76 841 292 887 fluctiferae
311 838 506 884 plerisque)
532 850 608 871 cum
634 837 744 871 lobulo
769 837 841 871 basi
864 837 1185 877 (lentato—ciliatis‚
1219 837 1479 883 aveplziyastriis
1501 840 1611 872 ocatis

87 901 243 944 maryine
280 904 351 931 toto
384 897 548 931 revolutis
584 898 693 930 medio
723 896 836 941 yibbis
871 896 1046 930 nonnullis
1077 895 1150 929 basi
1181 896 1259 929 hinc
1292 896 1608 939 dentato—ciliatis,

75 960 206 1006 fructu
230 960 267 991 in
292 957 437 990 ramulis
463 955 667 990 lateralibus
692 955 926 1000 (lonqioribus
958 967 1061 1001 quam
1087 954 1168 988 aliis
1193 955 1408 989 Madothecis
1430 967 1501 988 mos
1525 955 1609 1000 est),

75 1019 181 1065 fhliis
214 1015 482 1052 involucralz’bzw
520 1014 613 1055 basi,
663 1015 784 1049 lobulis
821 1015 1144 1061 (mnplez'yastriisque
1179 1021 1246 1048 toto
1283 1016 1437 1059 maryine
1473 1015 1609 1049 ciliato-

87 1077 303 1117 lacinulatis,
343 1074 542 1121 periantltio
593 1074 834 1121 campanulum
884 1087 942 1108 ore
980 1086 1176 1120 compresso,
1204 1072 1256 1107 10
1275 1094 1290 1099 -
1314 1072 1366 1106 12
1395 1093 1410 1100 -
1434 1073 1608 1115 luciniaco,

87 1137 222 1171 laciniis
247 1134 365 1170 bilobls
388 1135 545 1169 dentatis.

278 1207 482 1239 Madoibeca
529 1206 690 1237 Leiboldi
744 1205 901 1238 Gottsclic
944 1204 1038 1239 Icon..
1074 1205 1203 1251 Hepat.
1238 1204 1356 1238 infeclit.
1418 1203 1608 1240 Lehmann.

364 1265 458 1309 Pay.
484 1264 596 1298 VIII.
618 1277 656 1310 p.
687 1267 741 1299 ll.

182 1337 343 1372 Habitat
369 1334 406 1368 in
433 1334 540 1369 terris
568 1334 782 1369 Mexicanis
808 1334 982 1378 (Leibold
1009 1335 1045 1370 in
1074 1322 1150 1371 Hb.
1179 1336 1220 1370 L.
1249 1339 1286 1370 et
1312 1335 1387 1381 G.).

183 1408 363 1444 Proxima
397 1410 546 1442 nostrae
580 1410 637 1441 est
671 1407 729 1443 M.
756 1408 982 1444 cauariensis,
1018 1407 1188 1442 foliorum
1222 1406 1346 1451 apice,
1382 1405 1609 1451 perichaetio

85 1471 122 1502 et
147 1468 273 1502 lobulo
300 1467 472 1502 foliorum
498 1467 729 1502 denticulato
757 1467 1034 1510 distinguenda.

182 1539 318 1573 Caules
345 1539 604 1583 tripollicares,
633 1538 777 1572 inferne
804 1538 900 1572 foliis
928 1538 1128 1572 destructis
1157 1538 1279 1572 vestiti
1306 1538 1364 1573 vel
1392 1538 1495 1579 nudi,
1521 1549 1606 1572 cum

85 1597 182 1631 foliis
216 1598 462 1639 considerati,
501 1598 637 1631 lineam
672 1602 708 1630 et
747 1598 844 1641 quod
885 1598 1050 1630 excurrit
1085 1597 1171 1638 lati,
1209 1597 1420 1631 inordinate
1461 1599 1607 1639 ramosi,

85 1657 198 1691 ramis
240 1656 440 1690 fructiferis
480 1657 770 1701 inaequalibus,
813 1667 911 1690 nunc
951 1656 1202 1699 longioribus,
1255 1667 1352 1689 nunc
1391 1655 1606 1689 minoribus.

86 1714 353 1749 Innovationes
380 1716 448 1749 sub
475 1715 703 1759 perichaetio
730 1715 787 1749 vel
816 1716 884 1749 sub
911 1716 1120 1759 perianthio
1154 1716 1210 1750 vel
1244 1715 1280 1749 in
1308 1716 1450 1749 ramulo
1477 1716 1605 1749 fructi-

85 1773 175 1816 fero,
216 1775 263 1808 ad
297 1785 436 1809 morem
474 1774 623 1808 solitum
650 1775 960 1808 Madothecarum
988 1786 1172 1820 nusquam
1201 1775 1446 1819 reperiuntur.
1505 1776 1609 1810 Folia

86 1833 405 1877 oblongo-ovata,
433 1834 584 1868 caulina
611 1834 862 1878 integerrima,
891 1834 1056 1878 margine
1085 1835 1240 1868 ventrali
1267 1836 1432 1878 repando
1457 1836 1610 1870 sinuosa

84 1892 210 1927 lobulo
237 1894 348 1928 dente
376 1893 518 1934 basali3
553 1894 695 1927 floralia
722 1894 847 1928 lobulo
874 1898 911 1928 et
936 1894 1103 1937 margine
1130 1894 1267 1928 dorsali
1296 1895 1415 1928 basali
1442 1895 1608 1936 dentata,

84 1950 296 1995 deplanata.
349 1953 392 1986 In
427 1953 555 1996 planta
596 1952 706 1987 fertili
741 1954 817 1987 fere
851 1953 975 1988 omnia
1011 1954 1097 1988 folia
1124 1965 1207 1988 cum
1235 1954 1370 1988 lobulis
1398 1959 1434 1988 et
1461 1954 1606 1998 amplii-

84 2012 233 2054 gastriis
258 2012 344 2056 (nec
369 2012 615 2047 involucralia
642 2014 737 2057 sola)
773 2013 854 2047 basi
887 2014 945 2047 vel
982 2024 1056 2047 una
1093 2014 1148 2047 vel
1192 2014 1307 2047 altera
1332 2025 1360 2048 s.
1388 2014 1610 2048 unidentata

84 2081 113 2104 s.
147 2071 324 2106 dentibus
358 2072 603 2117 lacinulisque
638 2072 808 2116 pluribus
845 2077 987 2107 ornata.
1048 2073 1185 2106 Carina
1225 2073 1343 2107 lobuli
1381 2078 1418 2107 et
1456 2073 1532 2108 folii
1571 2073 1609 2107 in

84 2129 193 2164 dorso
229 2132 346 2166 caulis
377 2143 507 2166 versus
543 2132 688 2175 apicem
725 2143 872 2166 sursum
913 2132 1101 2173 revoluta;
1138 2132 1238 2166 color
1270 2132 1607 2165 brunneo-tlavus.

85 2189 191 2224 Retis
231 2191 400 2225 maculae
440 2191 565 2226 media
606 2192 777 2225 foliorum
821 2191 902 2226 basi
941 2191 1100 2226 maiores
1140 2191 1408 2234 sexangulares
1434 2192 1473 2233 (6
1491 2190 1605 2223 inter-

86 2250 217 2296 vallis)
268 2251 528 2286 decrescentes
576 2240 707 2286 versus
759 2251 983 2294 marginem,
1034 2251 1260 2294 marginales
1315 2250 1607 2294 subquadratae,

85 2310 332 2345 obscuriores.
383 2311 653 2357 Amplufyastria
679 2311 992 2353 ovato-cordata,
1023 2314 1100 2345 toto
1126 2310 1294 2353 margine
1321 2310 1460 2343 reflexa
1486 2309 1609 2343 medio

84 2370 216 2413 gibba,
260 2370 340 2405 basi
378 2370 576 2413 lacinulis,
612 2371 723 2405 unica
750 2371 968 2405 cellularum
1004 2371 1098 2406 serie
1132 2371 1330 2411 confectis,
1357 2369 1542 2403 interdum
1571 2368 1608 2402 in

85 2429 191 2463 caule
217 2428 400 2464 discretis.
452 2430 700 2464 Per-ianthium
733 2431 807 2464 fere
834 2431 969 2465 lineam
996 2431 1164 2475 longum,
1198 2430 1605 2474 campanulum-com-

84 2499 275 2533 pressum,
321 2488 427 2533 apice
454 2489 635 2525 bilabiato
662 2490 863 2525 lacinulato
890 2491 1040 2525 reflexo.
1101 2492 1261 2525 Fructus
1293 2499 1492 2533 progressu
1527 2486 1608 2521 basi

86 2550 333 2584 ventricosum
366 2550 427 2591 fit,
465 2554 503 2584 et
535 2550 705 2594 calyptra
739 2550 870 2585 inflata
900 2551 1017 2585 latere
1058 2549 1251 2585 scinditur.
1316 2550 1370 2583 Os
1410 2547 1608 2593 periantbii

88 2612 132 2642 lo
158 2630 173 2636 -
202 2613 246 2643 12
285 2609 431 2644 laciniis
470 2609 629 2651 bilobis,
668 2609 763 2643 lobis
802 2609 1064 2653 denticulatis,
1106 2610 1388 2644 circumdatum.
1441 2607 1610 2652 Calyptra

85 2678 224 2710 magna
273 2669 341 2702 sub
395 2669 534 2704 vertice
578 2669 859 2704 horizontaliter
901 2670 1064 2705 finditur.
1140 2668 1332 2703 Pedicellus
1376 2665 1607 2710 longitudine

86 2727 310 2772 perianthii3
337 2728 496 2763 valvulis
523 2730 701 2774 capsulae
728 2734 888 2774 quatuor
914 2730 1108 2774 oblongis,
1137 2729 1242 2774 apice
1269 2726 1400 2763 ovatis.
1451 2724 1609 2758 Elateres

85 2786 232 2831 bispiri.
284 2786 425 2822 Semina
451 2800 598 2833 magna.
651 2788 800 2823 Pistilla
830 2792 872 2823 16
899 2790 1188 2824 numeravimus.

184 2858 296 2892 Rami
332 2859 511 2895 fructiferi
544 2864 632 2896 3-·4
664 2861 834 2896 foliorum
862 2861 968 2905 paria
994 2861 1145 2902 habent,
1181 2868 1335 2904 quorum
1363 2855 1433 2890 tria
1458 2856 1609 2899 propter

87 2919 242 2956 formam
268 2922 449 2955 mutatam
474 2931 541 2966 pro
566 2920 757 2957 floralibus
783 2921 958 2956 habenda
985 2925 1083 2957 sunt.
1116 2918 1344 2966 (Gottsche.)
