1824 3252
697 208 913 244 Gottscliea.
1533 215 1571 245 17

141 323 284 359 Crescit
319 323 355 356 in
383 323 496 357 latere
522 321 694 357 orientali
720 322 858 356 montis
885 322 1082 366 Tafelberg
1119 323 1353 359 Promontor.
1384 326 1477 360 Bon.
1508 328 1572 371 Sp.

45 381 139 416 inter
191 393 338 416 muscos
387 381 779 426 Jungermanniasque
823 382 916 416 alias
963 382 1134 426 (Zeylier
1175 383 1212 417 in
1248 383 1323 418 Hb.
1365 385 1405 421 Ζ.
1442 394 1475 420 ct
1514 387 1573 425 N.

14 437 18 439 ’
46 441 186 475 Ecklon
214 441 251 475 in
280 441 357 476 Hb.
386 441 457 484 L).

142 525 247 558 obs,
302 523 481 558 Proxima
508 529 562 558 est
592 524 796 558 Gottscheae
824 523 1033 566 Thmui-sii,
1069 524 1166 560 soliis
1201 525 1324 560 minus
1357 527 1575 565 imbricatis.

46 582 282 618 inferioribus
308 583 648 627 subintegerrimis‚
682 584 888 629 aequaliter
922 584 1076 625 bilobis,
1117 584 1264 629 stipulis
1300 585 1420 618 ovatis
1457 585 1576 619 bifidis

46 641 324 686 distinguenda.
376 642 564 677 Gottsclrea
589 642 856 689 appendiculam
884 643 979 678 lobis
1006 643 1174 678 soliorum
1202 643 1574 688 pinnatifido-serru-

47 701 132 736 latis
158 702 329 744 diversa;
368 702 534 747 reliquae
569 703 679 736 huius
706 702 883 737 sectionis
912 703 968 736 vel
996 702 1272 747 anipbigastriis
1294 701 1483 746 indivisis,
1520 707 1576 739 vel

47 760 216 796 foliorum
244 762 338 796 lobis
367 761 630 806 inaequalibus
657 761 815 805 aliisque
830 761 927 796 notis
944 762 1094 796 abunde
1108 762 1295 796 differunt.
1324 761 1576 807 (L.etL.l.c.)

143 842 269 885 Magis
311 847 438 877 autem
485 843 631 877 accedit
679 843 886 877 Gottscheae
931 844 1236 885 Lelzmmmianae,
1295 854 1392 888 quae
1429 845 1579 890 quidem

47 900 180 935 foliolis
207 901 279 936 illis
306 901 524 936 accessoriis
552 901 830 945 amphigastriis
856 902 1014 936 adiectis
1049 902 1221 947 foliisque
1256 903 1369 946 paulo
1408 906 1575 948 angusti-

47 960 174 995 oribus
201 961 320 1004 magis
353 960 473 995 acutis
500 961 760 1005 subtiliterque
793 965 830 995 et
864 962 1003 995 arctius
1037 961 1074 995 in
1109 966 1266 1006 utroque
1300 962 1385 997 lobo
1417 964 1580 1000 dentatis

46 1018 180 1055 differt.
233 1020 335 1054 Inter
361 1020 564 1064 specimina
593 1019 768 1054 Herbarii
797 1020 1067 1054 Lehmanniani
1095 1020 1140 1054 cl.
1166 1021 1345 1055 Gottsche
1371 1021 1580 1066 fragmenta

47 1079 190 1124 aliquot
214 1080 356 1115 invenit
380 1080 633 1120 surculorum,
667 1079 912 1122 probabiliter
946 1080 1167 1114 iuvenilium
1195 1085 1260 1113 aut
1287 1080 1580 1126 innovationum‚

47 1148 204 1181 quorum
230 1138 304 1173 lobi
330 1139 497 1174 dorsales
524 1139 756 1173 ventralibus
782 1141 804 1182 ἢ
833 1138 1021 1173 breviores
1046 1144 1146 1180 sunt,
1169 1138 1275 1182 apice
1297 1139 1447 1184 oblique
1473 1147 1578 1177 trun-

47 1197 121 1231 cati
148 1202 186 1232 et
210 1200 337 1244 itaque
364 1198 446 1233 sinu
474 1198 596 1232 latiori
625 1197 871 1239 dehiscentes,
900 1197 976 1233 fere
995 1197 1245 1242 integerrimi;
1272 1197 1465 1234 inferiores
1487 1203 1578 1236 sub-

49 1257 204 1300 repandi
233 1262 271 1292 et
295 1258 403 1292 iuxta
431 1258 578 1301 apicem
606 1261 815 1292 extrorsum
841 1257 1074 1299 unidentati,
1113 1257 1213 1301 quod
1248 1263 1285 1292 et
1316 1258 1352 1291 in
1378 1260 1579 1303 perfectio-

49 1315 151 1350 ribus
178 1317 362 1363 plerisque
388 1317 544 1361 obtinet,
571 1327 687 1362 quare
714 1317 975 1362 emarginato-
992 1318 1224 1352 bidentatum
1260 1317 1358 1352 hunc
1386 1318 1511 1353 lobum
1546 1322 1581 1355 in

49 1375 197 1411 schedis
224 1377 385 1412 herbarii
412 1376 695 1422 descripseram.

358 1501 392 1532 7.
448 1497 727 1533 Gottschea
760 1496 1104 1543 leucophylla
1141 1497 1269 1531 Lelun.

146 1579 193 1614 G.
226 1582 336 1616 ramis
362 1581 493 1623 erectis,
529 1581 614 1616 lobis
627 1579 803 1627 foliorum
828 1579 1091 1625 subaequale'hus
1117 1578 1251 1624 oblique
1274 1582 1401 1623 avaris,
1436 1584 1584 1618 ventrali

50 1636 168 1672 obtuso
204 1639 328 1685 alaque
368 1639 520 1675 carinali
557 1639 814 1685 iuteqeowimis,
862 1638 994 1673 ‹lov-sali
1018 1638 1193 1683 foliiyeno
1237 1639 1450 1674 actitiusculo
1488 1643 1584 1688 apice

52 1694 159 1730 libero
185 1697 280 1732 basin
305 1711 421 1733 versus
445 1698 791 1745 spinuloso-dentaw,
817 1697 1079 1743 amphiyastriis
1104 1697 1277 1732 subovatis
1310 1698 1424 1744 bifidis
1448 1699 1586 1735 laciniis

52 1755 296 1801 inceyerrimis,
311 1758 443 1804 fructu
470 1785 477 1791 .
507 1784 514 1791 .
542 1784 550 1791 .

244 1829 430 1862 Gouschea
459 1829 675 1873 leucoplrylla
715 1827 837 1861 Lehm.
864 1828 902 1860 in
927 1827 1036 1861 selred.

240 1900 508 1941 Jungermannia
537 1912 570 1930 u.
595 1900 656 1931 59.
687 1898 798 1933 Herb.
828 1898 920 1943 Rey.
949 1898 1074 1933 Ber-ol.
1102 1898 1170 1942 (ex
1195 1900 1311 1933 adnot.
1340 1899 1491 1945 Lehm.)

329 1956 495 1992 Gottsclze
522 1957 576 1990 Ic.
604 1956 698 2003 Hep.
724 1957 849 1993 inedit.

152 2028 207 2062 Ad
234 2028 370 2062 fretum
396 2028 690 2072 Magellanicum
719 2029 981 2073 (Commerson
1007 2029 1045 2063 in
1074 2028 1150 2064 Hb.
1180 2028 1277 2073 Reg.
1305 2029 1448 2076 Berol.)

149 2110 330 2145 Proxima
356 2111 503 2146 accedit
531 2110 737 2146 Gottseheae
761 2111 887 2156 alatae,
916 2112 981 2147 sed
1008 2112 1132 2146 differt
1165 2111 1263 2146 foliis
1288 2112 1584 2156 ampbigastriis-

51 2179 142 2213 que,
186 2170 218 2204 si
244 2170 318 2205 lobi
361 2171 527 2215 foliigeni
563 2170 767 2214 marginem
804 2171 1030 2207 anteriorem
1065 2171 1265 2205 denticulis
1298 2172 1390 2205 raris
1424 2173 1584 2217 spinuli-

51 2229 231 2266 sormibus
268 2232 491 2266 adornatum
526 2230 693 2275 excipis,
735 2231 1086 2276 amphigastriisque
1122 2230 1371 2274 integerrimis
1404 2236 1441 2266 et
1467 2233 1591 2267 colore

50 2289 103 2332 (in
132 2290 242 2325 siccis
268 2291 347 2325 scil.
373 2290 606 2335 vetustisque
633 2289 924 2334 speciminibus)
967 2301 1015 2324 ex
1041 2290 1127 2324 albo
1154 2289 1429 2334 glaucescente.
1482 2290 1589 2325 Retis

51 2349 222 2383 maculae
248 2350 527 2393 subrotundae,
554 2349 782 2392 tumidulae,
809 2349 1007 2384 discretae.
1060 2349 1181 2384 Caulis
1207 2349 1342 2384 foliolis
1370 2349 1590 2384 accessoriis

52 2412 166 2442 caret.
218 2408 488 2455 Amplriyastria
519 2408 732 2444 alternatim
759 2408 951 2451 bioeriata,
980 2409 1076 2444 foliis
1103 2410 1219 2443 multo
1239 2410 1394 2452 minora,
1423 2410 1590 2453 margine

52 2466 184 2501 leniter
220 2469 406 2513 repanda,
450 2469 497 2503 ad
535 2468 698 2503 medium
734 2479 853 2514 usque
886 2469 994 2511 fissa,
1039 2469 1121 2503 sinu
1162 2470 1297 2504 obtuso
1331 2469 1480 2513 quidem
1523 2470 1588 2503 sed

53 2531 223 2570 angusto,
252 2528 397 2563 laciniis
425 2528 646 2564 lanceolatis
673 2529 950 2564 obtusiusculis.

390 2652 422 2683 Β.
477 2648 757 2684 Gottschea
792 2650 1006 2697 aligera
1045 2649 1093 2682 N.
1121 2648 1168 2683 ab
1196 2649 1239 2682 E.

150 2730 196 2764 G.
230 2731 341 2765 ramis
374 2732 498 2766 erectis
531 2732 762 2778 sulgfureatis,
788 2734 964 2780 foliorum
997 2732 1070 2766 Iobo
1102 2730 1255 2765 ventrali
1279 2731 1420 2775 oblonyo
1432 2729 1589 2773 -falcato

52 2788 151 2833 apice
176 2795 322 2831 serrato,
348 2790 481 2825 clm-sali
493 2790 671 2836 foliiyeno
706 2793 810 2839 duplo
836 2793 984 2828 breviori
1018 2791 1153 2837 oblique
1181 2797 1341 2825 truncato
1368 2788 1590 2833 incesti-rimo

53 2845 182 2890 anyulo
208 2850 381 2893 superiori
406 2851 615 2892 acuminum,
641 2852 903 2898 amphiyastriz's
936 2854 975 2886 in
1003 2850 1130 2897 planta
1151 2850 1349 2896 fructifera
1381 2849 1428 2882 ad
1459 2848 1590 2893 apicem

53 2907 263 2940 solummodo
284 2907 389 2941 obviis
414 2910 520 2943 inciso
534 2931 549 2936 -
565 2910 765 2957 inultifidis,
785 2912 917 2958 fructu
931 2910 1110 2946 terminali
1127 2910 1300 2944 involucri
1307 2908 1415 2954 foliis
1431 2908 1588 2941 connatis

55 2965 161 2998 inciso
170 2965 394 3009 -fimbriatis‚
422 2968 517 3002 caule
542 2981 660 3002 rameri
666 2976 757 3003 taceo
767 2970 958 3015 -foliolosa

1131 3054 1150 3079 2
