1824 3252
745 175 982 217 Madotbeca.
1547 183 1621 216 275

196 291 325 327 Caulis
344 289 479 331 tenuis,
506 301 659 335 repens;
686 290 778 324 rami
797 289 962 334 primarii
981 289 1108 333 erecti,
1133 289 1455 335 bi-tripollicares,
1480 294 1618 337 obtusi,

100 351 253 394 ramulis
278 350 583 394 patenti-erectis
611 350 794 393 elongatis
821 350 954 384 iterum
981 360 1073 393 vage
1099 349 1292 392 instructi,
1327 355 1368 385 ut
1388 356 1464 387 tota
1490 354 1621 397 planta

99 416 258 456 quatuor
285 410 331 444 ad
357 420 425 444 sex
450 409 603 453 pollices
630 409 740 453 longa
780 409 840 443 sit.
892 408 997 442 Folia
1021 408 1236 451 imbricata,
1271 410 1420 456 oblique
1446 411 1618 456 oblonga,

99 470 179 504 basi
208 480 377 503 convexa
405 469 585 514 apiceque
611 469 777 510 deflexa,
814 472 853 502 ut
880 469 996 502 caulis
1024 468 1212 502 carinatus
1238 470 1439 513 adpareat,
1471 472 1619 514 obtusa,

98 529 358 574 integerrima,
385 529 450 563 sed
479 529 643 572 margine
669 528 824 562 ventrali
848 528 1188 572 undulato-crispa.
1239 529 1404 564 Lobulus
1430 531 1619 575 lugulatus,

100 598 312 629 concavus,
343 588 508 631 margine
543 588 757 622 undulatus.
809 588 974 621 Textura
1003 587 1145 631 spissa,
1182 589 1329 622 areolae
1354 590 1520 625 minutae
1555 603 1616 626 ro-

99 650 250 683 tundae.
293 648 558 693 Amplzc'yastria
576 647 838 681 remotiuscula
864 658 892 681 s.
910 647 1097 690 contigua,
1125 647 1221 681 foliis
1239 648 1447 691 quadruplo
1466 650 1620 692 minora,

102 707 250 751 oblique
277 707 436 741 rotunda
462 707 520 741 vel
548 708 743 746 subovata‚
771 717 940 740 convexa
971 707 1189 751 caulemque
1217 708 1490 751 amplexantia,
1517 720 1617 743 mar-

100 766 186 810 gine
213 766 429 811 praesertim
457 776 616 809 superne
641 767 765 810 paullo
792 767 943 807 reflexa,
971 767 1217 809 integerrima.
1263 767 1368 800 Folia,
1393 767 1622 801 z'm·olucrcdia

99 825 254 866 minora,
282 825 637 865 undulato-reflexa‚
665 830 794 868 argute
822 830 963 859 serrata
985 827 1040 859 vel
1068 826 1204 859 ciliata.
1257 827 1506 860 Pei-z'antltium
1523 827 1620 862 foliis

100 885 257 919 caulinis
284 885 335 918 ita
362 885 550 918 obtectum
579 889 618 917 ut
653 884 715 917 vix
741 884 949 927 promineat
975 890 1024 925 et,
1055 885 1184 928 planta
1213 896 1373 929 superne
1402 887 1492 927 visa,
1526 896 1617 920 con-

99 944 191 988 spici
219 955 291 978 non
319 944 455 987 possit,
484 943 694 987 quadrato-
712 948 885 983 ovatum,
914 954 1166 986 compressum
1196 949 1231 977 et
1258 945 1375 987 apice,
1403 945 1622 988 praesertim

99 1007 183 1037 ante
221 1007 323 1037 setae
360 1002 618 1042 emissionem,
666 1003 862 1041 inflexum,
903 1002 1143 1043 bilabiatum‚
1191 1003 1300 1036 labiis
1343 1005 1523 1038 truncatis
1556 1015 1620 1038 ore

99 1061 565 1097 crenulato-dcnticulatis.
593 1081 639 1085 —-—
667 1061 813 1095 Piscina
841 1062 970 1095 decem
998 1061 1146 1094 adsunt.
1195 1062 1480 1109 (Lindenberg.)

194 1121 302 1155 Obs.
355 1121 493 1155 Similis
520 1122 575 1154 M.
597 1120 843 1167 platyphyllue,
872 1121 1058 1165 [memmae
1084 1126 1119 1155 et
1144 1121 1292 1161 chilemsv',
1320 1127 1483 1156 attamen
1512 1124 1619 1157 caule

99 1192 169 1215 non
196 1180 461 1224 bi-tripinnato
488 1181 551 1214 sed
581 1186 742 1224 repente,
772 1180 882 1213 ramis
904 1180 1036 1214 erectis
1056 1191 1148 1223 vage
1171 1181 1385 1221 ramulosis‚
1412 1181 1509 1215 foliis
1536 1182 1618 1216 lou-

97 1241 262 1284 gioribus
289 1239 432 1274 obtusis
458 1240 631 1273 inferiore
667 1239 833 1282 margine
869 1239 988 1282 magis
1022 1240 1194 1283 crispatis
1232 1251 1314 1273 cum
1348 1241 1482 1275 lobulis
1516 1242 1616 1275 inte—

96 1300 284 1344 gerrimis,
321 1299 597 1343 aniphigastriis
631 1299 754 1332 minus
787 1298 992 1332 imbricatis
1038 1299 1290 1338 brevioribus,
1338 1300 1433 1334 foliis
1468 1300 1615 1334 involu-

97 1359 259 1394 cralibus
286 1364 415 1402 argute
443 1363 612 1392 serrato-
630 1359 765 1392 ciliatis
799 1362 876 1391 tum
903 1357 950 1392 ab
978 1369 1052 1392 una
1079 1359 1241 1394 alterave
1269 1363 1345 1393 tum
1374 1361 1421 1394 ab
1448 1360 1621 1395 omnibus

96 1418 371 1462 distinguenda.

318 1492 377 1524 24.
428 1491 748 1524 stlculotheca
774 1490 1164 1534 subsqmwrosa
1202 1489 1249 1523 N.
1278 1493 1313 1523 et
1342 1490 1394 1523 M.

194 1550 249 1583 M.
278 1550 373 1583 caule
399 1557 529 1595 repente
555 1549 795 1594 1‘1·1·‹¹911lar[te1·
819 1550 1075 1595 subbipimzam,
1102 1550 1207 1594 foliis
1233 1549 1424 1584 imbricatis
1449 1550 1543 1584 hand
1566 1551 1619 1584 in-

98 1608 332 1642 cumbentibus
371 1608 555 1653 lobulisque
594 1608 726 1654 oblique
771 1611 879 1642 oratis
910 1608 1036 1642 obtusis
1068 1610 1321 1653 e'ntegserrimis,
1361 1610 1622 1655 (miphiyastriis

92 1667 419 1713 parabolice-onmis
444 1669 611 1713 adpressis
635 1667 763 1702 obtusis
788 1670 942 1712 mai-{sine
968 1670 1113 1713 undiquc:
1139 1668 1310 1709 revolutis,
1349 1669 1479 1702 cellulis
1505 1670 1616 1702 inter-

97 1725 270 1760 calaribus
297 1727 479 1767 distinctis,
494 1727 624 1771 fractu
652 1752 660 1760 .
690 1753 697 1761 .
726 1753 733 1760 .

284 1787 488 1818 Madotlieca
518 1788 764 1829 snbsqnarrosa
795 1786 953 1819 Gottsche
980 1787 1075 1821 Iemz.
1106 1787 1235 1832 Hepat.
1263 1787 1380 1820 inedit.

289 1845 452 1885 Lejeunia
487 1847 735 1888 subsquarrosa
770 1846 818 1879 N.
847 1852 878 1878 et
905 1846 961 1879 M.
1001 1846 1036 1879 in¹
1069 1846 1165 1878 Ami.
1201 1846 1255 1878 des
1286 1857 1327 1879 se.
1361 1852 1434 1879 nat.
1473 1845 1620 1878 met’er

377 1906 478 1938 1836.
499 1916 538 1949 p.
566 1907 623 1938 57.

194 1974 353 2008 Habitat
391 1975 426 2009 in
458 1975 587 2008 Insula
612 1975 711 2008 Juan
740 1975 978 2015 Fernandez,
1027 1974 1073 2008 ad
1110 1979 1246 2008 terram
1278 1974 1373 2008 inter
1411 1973 1620 2016 Peltigeras

97 2031 189 2077 (Hb.
218 2033 302 2078 Μ.).

193 2093 348 2136 Species
375 2092 563 2133 distincta,
592 2093 676 2126 licet
703 2094 866 2127 maxime
893 2093 1102 2137 propinqua
1130 2092 1343 2125 Hladotlzeeis
1361 2091 1620 2138 plu1typ7131llae,

90 2151 399 2197 platyphyllot'deae
423 2157 460 2186 et
485 2152 680 2186 naz-iezdw'i
705 2152 746 2186 L.
776 2157 812 2186 et
837 2153 926 2196 Lg.,
965 2163 984 2185 a
1012 2153 1147 2197 quibus
1182 2151 1325 2185 cunctis
1353 2152 1494 2185 differt:
1532 2151 1619 2186 retis

99 2211 232 2244 areolis
258 2212 497 2245 subrotundis
530 2211 816 2245 intercalaribus
850 2212 1048 2255 triangulis
1083 2210 1374 2245 distinctissiniis
1410 2210 1620 2253 disjunctis,

100 2281 196 2314 quae
222 2270 259 2303 in
287 2270 484 2314 speciebus
511 2271 722 2305 memoratis
749 2271 812 2305 vix
840 2282 1002 2316 unquam
1030 2271 1305 2305 discernuntur.

193 2329 427 2365 Ramificatio
462 2331 695 2374 irregularis,
731 2331 941 2365 inordinate
978 2331 1215 2374 subpinnata.
1269 2329 1397 2363 Caulis
1424 2328 1617 2372 rigidulus,

100 2389 302 2424 rufescens.
361 2389 468 2424 Folia
498 2390 647 2435 oblique
682 2395 812 2431 ovata,
848 2391 1066 2434 rotundata,
1110 2388 1416 2430 semiverticalia‚
1454 2389 1620 2423 conferta

98 2449 249 2494 quidem
284 2454 321 2484 et
353 2450 547 2484 imbricata
581 2450 645 2483 sed
680 2449 895 2494 neutiquam
933 2451 1003 2484 sibi
1040 2454 1139 2484 arcte
1175 2449 1448 2489 incumbentia,
1493 2448 1618 2493 potius

99 2514 257 2552 angusto
293 2509 490 2543 intervallo
524 2509 776 2551 dehiscentia,
811 2509 959 2543 sordide
994 2510 1147 2551 viridia,
1188 2519 1328 2552 opaca,
1362 2509 1620 2551 integerrima;

98 2569 245 2603 lobulus
272 2569 359 2604 folio
386 2569 498 2612 duplo
524 2568 655 2609 minor,
683 2573 828 2609 ovatus,
855 2568 1023 2611 obtusus,
1052 2568 1362 2604 concaviusculus
1390 2572 1454 2601 aut
1470 2568 1619 2611 planus,

100 2628 250 2670 patulus
284 2640 404 2673 neque
441 2640 530 2663 vero
568 2640 590 2662 a
627 2629 714 2663 folio
755 2640 822 2663 suo
860 2629 1057 2663 dccurvus.
1118 2628 1383 2673 Ampliiyastrc'a
1410 2627 1619 2660 lobulorum

101 2687 381 2730 magnitudine,
417 2689 515 2722 cauli
551 2692 626 2723 tam
661 2692 762 2723 arcte
789 2688 1060 2730 incumbentia,
1104 2693 1144 2721 ut
1182 2687 1268 2721 solis
1304 2697 1351 2720 ex
1389 2683 1618 2727 marginibus

101 2744 250 2779 reflexis
291 2746 575 2791 dignoscantur,
623 2748 726 2790 hinc,
772 2759 856 2782 cum
901 2749 1115 2788 solvantur,
1161 2746 1197 2779 in
1244 2744 1366 2778 medio
1413 2741 1618 2776 secundum

102 2814 246 2838 omnem
290 2805 555 2848 longitudinem
598 2808 832 2848 ventricosa,
883 2807 920 2841 in
965 2807 1107 2841 ambitu
1152 2806 1312 2844 reflexa,
1360 2805 1490 2841 ovata,
1535 2799 1620 2834 basi

100 2864 551 2908 hastato-decurrentia,
586 2867 730 2911 apicem
756 2877 886 2901 versus
912 2866 985 2900 leni
1013 2865 1095 2900 sinu
1123 2865 1389 2906 coangustata,
1424 2859 1530 2903 apice
1556 2869 1621 2893 ro-

102 2923 274 2967 tundata,
296 2928 470 2959 texturae
493 2924 568 2959 fere
594 2925 765 2961 soliorum
798 2927 863 2962 sed
891 2925 1005 2971 paulo
1029 2923 1224 2959 densioris.
1272 2921 1432 2954 Fructus
1456 2917 1573 2952 deest.

1252 3001 1341 3032 18·
