1824 3252
782 182 991 226 Targionia.
1571 185 1642 216 575

318 299 498 339 'l'argionia
532 297 685 329 Michelii
724 297 771 330 N.
797 297 840 330 ab
865 297 912 330 Ε.
952 297 1044 342 Hep.
1086 295 1178 330 Eur.
1218 294 1286 330 IV.
1320 308 1357 341 p.
1400 294 1565 328 LXVII.
1608 303 1637 327 et

400 359 483 390 299.
511 367 544 389 n.
577 358 606 391 1.
659 355 774 389 Mont.
801 356 837 389 in
870 354 970 389 Webb
995 361 1026 388 et
1051 353 1231 389 Bertlaelot
1260 353 1357 388 Hisc.
1385 354 1439 388 des
1466 353 1524 387 iles
1552 353 1637 387 Can.

400 415 485 449 Boc.
508 427 546 460 p.
572 418 630 449 63.

206 487 239 512 a,
265 480 423 518 anyusta,
453 476 575 506 fronde
603 487 712 507 crassa
740 475 923 506 subliueari
951 475 1165 512 luevhxscula,
1193 474 1369 505 involucro
1397 476 1555 506 obovato.

405 534 449 566 N.
476 532 520 566 ab
545 533 590 566 E.
630 532 652 565 l.
678 545 706 566 c.
765 532 885 575 DIony.
919 538 949 564 ec
987 531 1100 565 Nestl.
1136 531 1191 565 St.
1225 544 1274 566 cr.
1314 532 1548 578 1⁷09.-Rl1en.
1585 535 1636 568 X.

455 605 489 625 n.
516 594 598 625 937.

210 653 242 690 β,
269 657 421 689 cuneata,
449 651 570 682 froude
592 652 737 682 tenuiori
757 651 963 680 cuneiformi
985 661 1102 691 grosse
1121 661 1255 693 porosa,
1283 652 1458 683 involucro
1479 652 1638 683 obovato.

401 709 449 742 ΛΥ.
474 708 517 741 ab
545 708 591 741 E.
619 707 642 742 Ζ.
668 720 696 741 e.

399 769 582 809 Tar-ginnia
610 768 759 799 Micholii
790 765 905 799 Corda
931 766 967 799 in
989 766 1097 811 Opit:
1116 766 1233 800 Bez‘tr.
1264 770 1293 800 l.
1315 779 1353 813 p.
1381 771 1464 803 649.
1513 770 1636 804 Starm

458 825 518 858 Fl.
547 825 663 858 Germ.
692 825 743 858 ΙΙ.
771 827 819 858 22
844 831 876 857 ec
900 827 958 858 23.
979 837 1018 869 p.
1045 828 1102 859 73.
1130 832 1154 858 t.
1181 828 1240 859 20.

397 886 578 935 Tar-ginnia
617 884 820 927 hypopbjlla
871 883 978 917 Limz..
1020 883 1081 929 Sp.
1116 883 1168 928 pl.
1207 885 1260 918 ed.
1293 888 1326 919 2.
1368 887 1419 921 ῙῙ.
1451 901 1489 934 p.
1533 891 1635 923 1604.

455 942 624 976 Lindenh.
652 942 744 986 Hep.
771 942 862 974 Eur.
884 954 921 986 p.
954 945 1030 975 110.
1081 943 1187 987 Enyl.
1215 944 1299 979 Bot.
1337 952 1360 979 t.
1388 949 1470 980 287.
1522 947 1633 980 Hook.

456 1001 556 1034 Brit.
583 1000 644 1034 Fl.
681 1000 733 1033 II.
771 1004 800 1033 1.
834 1012 870 1045 p.
903 1003 980 1035 101.
1030 1001 1087 1034 De
1111 1002 1256 1036 Notaris
1291 1004 1408 1038 Prim.
1434 1005 1526 1052 Hep.
1558 1006 1635 1040 ital.

448 1073 486 1105 p.
513 1064 571 1094 59.
598 1072 635 1094 η.
661 1063 720 1094 76.
773 1058 933 1091 Gottselze
960 1059 1055 1094 Ieon.
1086 1061 1211 1106 Hepat.
1238 1062 1356 1096 inedit.

199 1131 235 1161 Ὺ,
263 1120 421 1159 obovala,
461 1120 583 1151 froude
613 1121 704 1152 tenui
731 1120 874 1160 rigidula
904 1119 1046 1150 obovaia
1075 1120 1168 1150 brevi
1196 1121 1378 1152 consertiin
1407 1134 1544 1163 porosa‚
1581 1125 1635 1154 in-

263 1182 402 1211 volucro
429 1179 756 1210 subsemicirculari.

396 1237 442 1270 N.
469 1235 511 1269 ab
538 1236 583 1269 E.
613 1236 635 1269 l.
663 1249 691 1269 c.
711 1248 750 1281 p.
777 1238 860 1269 300.

393 1297 577 1338 Torgionia
605 1297 799 1336 germanica
830 1294 944 1327 Corda
970 1294 1005 1327 in
1034 1294 1141 1339 Opicz
1168 1294 1284 1330 Beitr.
1314 1299 1345 1329 1.
1368 1309 1404 1342 p.
1431 1300 1515 1332 649.

394 1355 578 1395 Targionia
606 1354 810 1397 hypo-sibylla
846 1352 985 1386 Sem-eb.
1021 1354 1056 1386 in
1084 1354 1231 1398 Natmf.
1267 1354 1358 1388 XV.
1385 1369 1422 1401 p.
1460 1359 1531 1391 236
1562 1371 1631 1405 sqq.

453 1419 477 1444 t.
520 1415 543 1445 5
568 1411 623 1457 ff'.
669 1415 683 1444 1
713 1430 728 1435 -
759 1414 813 1445 17.
896 1412 988 1446 Web.
1027 1418 1059 1445 et
1097 1412 1205 1445 Molu-
1246 1413 1435 1448 Tasclcenb.
1468 1429 1507 1462 p.
1550 1421 1632 1452 391.

450 1477 474 1504 t.
513 1473 556 1503 12
577 1470 631 1516 ff.
669 1473 773 1504 4-6.

213 1528 370 1562 Habitat
396 1528 486 1562 locis
513 1529 797 1562 humidiusculis
830 1530 909 1563 solo
943 1529 1111 1563 calcare-0
1139 1534 1175 1563 et
1202 1531 1566 1574 argilloso-silicuso
1594 1535 1631 1569 in

116 1595 213 1622 terra
246 1592 283 1622 et
319 1587 422 1622 saxis
449 1588 640 1630 Europae,
680 1588 853 1631 Algeriae
890 1588 1069 1631 (Roussel
1107 1590 1142 1622 in
1174 1590 1249 1624 Hb.
1275 1590 1369 1636 M.)‚
1417 1592 1628 1628 Insularum

115 1647 362 1680 Canariarum
390 1650 501 1690 atque
527 1646 723 1680 Americae
750 1647 1065 1690 septentrionalis.

119 1699 122 1702 ’
211 1706 317 1739 Obs.
370 1705 412 1737 In
443 1704 551 1738 Italia
578 1705 831 1745 meridionali,
866 1705 1060 1746 Sardinia,
1094 1706 1245 1746 Sicilia,
1281 1708 1556 1751 vulgatissima;
1588 1711 1626 1745 in

116 1764 226 1798 Italia
252 1764 455 1807 superiore,
482 1763 547 1796 sed
574 1763 777 1804 rarissima,
804 1765 839 1797 in
868 1765 1055 1798 montibus
1082 1765 1330 1800 Comensibus
1358 1767 1579 1813 (Balsamo).

449 1851 483 1881 3.
537 1849 828 1894 marmania
853 1850 1072 1895 bifurca
1097 1851 1151 1884 M.
1178 1854 1214 1885 et
1243 1851 1290 1886 N.

211 1918 254 1952 T.
269 1918 403 1964 fwnde
428 1917 554 1951 lineari
584 1924 729 1963 anyusta
760 1919 994 1954 canaliculata
1025 1920 1175 1967 simplici
1207 1921 1381 1966 hisare-ave
1412 1927 1627 1970 maryiulbus

113 1977 269 2012 tenuibus
293 1977 570 2011 adscendentibus
593 1979 753 2023 repandis
776 1978 979 2021 crenulatis,
1001 1981 1100 2025 poris
1119 1981 1257 2024 yrossis,
1281 1983 1431 2027 squamis
1454 1986 1627 2029 maiyines

110 2034 360 2082 attinyentibus
381 2042 444 2069 aut
467 2036 720 2081 superantibus,
748 2037 923 2072 involucro
947 2040 1040 2084 apice
1053 2039 1199 2083 frondis
1225 2039 1355 2074 latiori.

300 2097 484 2135 Targionia
511 2097 643 2148 bifurca
670 2096 785 2129 Illam.
811 2097 848 2129 in
864 2097 961 2131 Ami.
988 2098 1042 2130 des
1065 2109 1110 2130 sc.
1137 2104 1210 2132 nat.
1237 2102 1270 2133 2.
1287 2099 1365 2133 Ser.
1394 2100 1467 2134 IX.
1486 2114 1526 2148 p.
1546 2106 1622 2137 113.

387 2148 411 2174 t.
437 2145 471 2176 5.
499 2148 532 2176 et
557 2154 595 2176 m
620 2142 818 2189 d'Orbiyny
847 2144 927 2190 Voy.
955 2145 1040 2178 dans
1065 2144 1213 2179 l‘Amer.
1240 2146 1364 2180 mbricl.
1391 2147 1474 2183 Bot.
1503 2162 1541 2195 p.
1565 2154 1624 2184 52.

386 2189 433 2221 N.
459 2189 501 2223 ab
527 2189 575 2224 E.
603 2190 696 2236 Hep.
722 2191 814 2224 Eur.
840 2191 910 2226 1V.
929 2204 969 2237 p.
995 2195 1098 2226 315.-

126 2269 135 2285 .
207 2248 368 2282 Habitat
410 2247 457 2280 ad
497 2251 632 2281 terram
673 2260 788 2292 prope
833 2249 1038 2289 Quillotam
1090 2251 1127 2285 in
1168 2262 1280 2294 regno
1316 2251 1482 2287 Chilensi
1525 2255 1623 2290 inter

112 2307 290 2341 Barbulas
313 2310 351 2340 et
376 2306 480 2352 Brya
506 2307 680 2349 (Bertero
707 2309 743 2341 in
771 2308 848 2342 Hb.
875 2309 928 2342 M.
955 2314 992 2343 et
1021 2310 1101 2353 N.).

200 2366 317 2400 Frons
341 2364 504 2406 linearis,
530 2370 688 2408 angusta
714 2366 796 2409 (vix
827 2370 850 2401 2
877 2367 1016 2401 millim.
1049 2369 1137 2408 lata,
1164 2372 1185 2403 8
1211 2389 1224 2395 -
1251 2372 1294 2403 10
1326 2363 1465 2404 1111111111.
1494 2372 1621 2418 longa)

110 2426 216 2470 apice
251 2435 383 2469 parum
419 2424 596 2465 dilatata,
631 2435 715 2458 raro
749 2425 932 2468 simplex,
967 2427 1118 2471 saepius
1154 2432 1277 2461 autem
1306 2428 1471 2471 bifurca,
1508 2443 1621 2476 supra

109 2485 250 2525 viridis,
274 2483 504 2527 marginibus
522 2483 911 2519 subadscendentibus
930 2486 1224 2519 membranaceis
1242 2488 1416 2522 tenuibus
1433 2491 1617 2532 repando-

108 2542 330 2581 crenulatis,
357 2543 489 2575 subtus
516 2546 843 2586 atro-purpurea,
869 2554 982 2578 nervo
1008 2555 1132 2578 crasso
1160 2545 1233 2578 lato
1259 2550 1296 2579 et
1319 2549 1469 2590 squamis
1493 2549 1617 2584 susco-

109 2600 305 2644 p'urpureis
333 2601 646 2644 triangularibus,
680 2601 864 2636 interdum
893 2603 1036 2646 apicem
1065 2614 1193 2637 versus
1220 2604 1460 2647 acuminatis,
1488 2605 1620 2643 imbri-

107 2659 212 2699 catis,
239 2660 426 2702 margines
453 2666 518 2694 aut
536 2660 599 2694 vix
621 2660 904 2704 attingentibus,
932 2666 997 2695 aut
1023 2662 1134 2696 ctiam
1154 2663 1417 2706 superantibus
1435 2665 1618 2708 praedita.

108 2717 334 2751 Involuerum
359 2718 523 2760 bivalve,
550 2720 682 2754 fronde
708 2720 821 2754 latius
847 2731 966 2765 eaque
992 2721 1137 2764 longius
1162 2721 1619 2765 globoso-compressum.

107 2775 350 2810 [num-aciones
373 2778 542 2812 masculae
574 2778 612 2812 in
637 2779 720 2823 ipsa
746 2781 875 2823 planta
900 2780 1058 2815 feminea
1084 2781 1255 2825 utrinque
1281 2792 1301 2814 e
1327 2791 1440 2815 nervo
1465 2792 1618 2825 proger-

107 2834 312 2878 minantes,
346 2837 476 2880 quales
501 2837 539 2872 in
568 2839 765 2884 Taryionia
791 2839 993 2886 hypophylla
1020 2839 1172 2873 Micheli
1199 2839 1360 2883 primus,
1390 2840 1473 2874 dein
1501 2840 1614 2875 Mon-

106 2898 275 2937 tagneus,
301 2894 463 2929 Neesius
487 2901 525 2931 et
554 2898 720 2932 Bischoff
741 2899 1046 2933 observaverunt.
