1824 3252
716 158 961 202 Plagiocliila.
1561 164 1605 194 23

178 271 432 315 Plagiochilae
460 273 551 306 Sec-t.
582 271 610 306 1.
640 271 927 316 Asplenioideae
957 273 1002 305 Ν
1030 271 1070 305 ab
1100 272 1144 305 E.
1174 272 1604 319 Natu›·9escl1.d.Europ.

80 331 237 365 Leberm.
268 332 340 365 111.
363 343 401 377 p.
426 335 520 372 515;
548 331 615 365 lV.
638 344 674 377 p.
702 331 901 365 XXXIV.

172 403 343 437 Radulae
377 402 507 437 subdiu.
536 403 608 437 Ill.
655 402 886 446 Plaglochlla
915 402 1081 437 Dumort.
1110 402 1249 448 Sylloqe
1274 403 1459 449 Juvyerm.
1482 416 1518 448 p.
1546 408 1601 437 38.

171 462 398 497 Candolleae
425 474 523 506 spec.
554 463 686 497 Racldi.

167 522 485 566 Jungermanniae
511 523 603 557 Soet.
632 523 661 557 Ι.
704 520 994 564 Asplenioideae
1033 522 1078 555 N.
1115 522 1155 555 ab
1185 522 1229 555 Ε.
1269 522 1404 568 Europ,
1442 523 1599 557 cherm.

74 580 103 613 1.
124 593 163 626 p.
193 583 273 616 151.
396 569 399 572 ⁴

166 639 488 683 Jungermanniae
516 640 660 684 species
686 646 877 674 auctorum.
931 639 1129 674 Endlicher
1157 639 1244 673 Gen.
1267 651 1305 685 p.
1336 643 1394 674 45.

167 710 424 745 Periantbium
452 712 661 753 terminale,
690 711 843 745 laterale
870 711 927 745 vel
955 710 991 745 in
1008 710 1234 745 dichotomia
1253 721 1450 751 ramorum,
1480 711 1598 745 laeve.

70 767 139 801 sub
166 770 311 804 anthe-si
337 774 454 804 totum
482 770 588 813 apice
615 770 715 804 omni
742 774 864 804 aetate
892 781 913 804 a
941 769 1119 803 lateribus
1146 780 1419 814 compressum,
1458 774 1595 803 rectum

69 827 223 870 apiceve
248 829 471 870 decurvum,
499 840 563 863 ore
588 829 794 873 (plerisque
821 829 990 873 oblique)
1027 834 1199 863 truncato
1236 830 1391 863 dentato
1424 830 1596 863 ciliatmc

68 886 187 921 rarius
209 888 321 929 nudo,
343 887 489 931 integro
503 887 686 922 bilabiato
703 893 766 922 aut
781 887 865 921 hinc
879 888 976 922 fisso.
1028 888 1217 922 Involucri
1240 888 1327 923 folia
1343 889 1418 923 (luo
1440 889 1594 927 maiora,

65 949 203 987 erecta,
229 946 387 981 caulinis
413 947 703 982 subconformia.
756 946 903 982 Pistilla
931 947 1060 980 multa.
1112 947 1277 990 Capsula
1313 949 1439 989 firma,
1478 959 1594 992 usquc

65 1004 110 1038 ad
140 1005 248 1040 basin
277 1006 545 1051 quadrivalvis.
599 1007 768 1041 Elateres
803 1006 935 1041 mediis
969 1007 1088 1040 valvis
1116 1007 1266 1047 inserti,
1302 1008 1422 1050 longi,
1450 1007 1591 1052 bispiri,

63 1063 224 1099 decidui.

159 1136 286 1171 Flores
323 1138 479 1172 masculi
513 1137 768 1182 sfflciformes,
812 1137 980 1178 distichi,
1016 1136 1124 1171 caule
1163 1142 1226 1171 aut
1261 1148 1363 1171 ramo
1402 1148 1448 1170 ex
1487 1137 1591 1181 apict¹

63 1194 252 1232 continuo.
308 1197 409 1232 Folia
435 1196 684 1241 perigonialia
712 1196 867 1238 minora,
896 1201 995 1231 arcte
1023 1196 1231 1237 imbricata,
1260 1196 1339 1231 basi
1368 1198 1591 1236 ventricosa,

62 1254 168 1298 apice
193 1256 336 1299 patula.
386 1256 575 1291 Antherae
604 1256 793 1298 axillares,
821 1257 959 1292 ovales.

156 1326 319 1361 Plantae
344 1326 551 1369 terricolae,
579 1327 768 1362 rarissime
795 1327 1050 1369 corticicolac,
1087 1327 1293 1371 speciosae.
1346 1327 1474 1362 Caulis
1511 1328 1585 1371 pii—

58 1385 197 1420 marius
240 1398 374 1431 repens
413 1387 469 1422 vel
509 1388 780 1432 procumbens,
822 1387 1010 1423 nonnullis
1049 1387 1254 1422 stolonifer.
1319 1387 1427 1421 Ranii
1462 1389 1586 1429 erecti,

57 1442 343 1488 procumbentes
384 1447 749 1493 adscendentesque,
798 1447 986 1481 radiculas
1037 1457 1119 1481 raro
1164 1451 1339 1490 agentes,
1386 1448 1586 1492 simplices,

59 1504 281 1548 dichotomi,
321 1506 560 1549 dendroidei,
600 1507 758 1551 pinnati.
820 1505 927 1540 Folia
965 1506 1150 1548 succuba,
1185 1505 1401 1547 dimidiata,
1436 1508 1587 1551 saepius

57 1564 308 1607 subsecunda‚
333 1566 500 1609 margine
526 1566 663 1601 dorsali
693 1570 793 1600 recto
820 1566 958 1599 reflexo
985 1566 1021 1599 in
1056 1565 1166 1600 dorso
1200 1565 1318 1600 caulis
1353 1566 1586 1607 decurrente,

58 1623 212 1657 ventrali
247 1625 366 1668 magis
397 1625 568 1660 minusve
605 1629 760 1659 arcuato
798 1625 953 1669 basique
988 1624 1138 1668 saepius
1182 1626 1341 1665 reflexo,
1383 1625 1420 1659 in
1461 1626 1585 1660 inultis

56 1681 285 1719 denticulato
311 1684 368 1719 vel
396 1684 533 1719 ciliato.
585 1684 864 1728 Amphigastria
890 1684 927 1717 in
956 1683 1088 1726 paucis
1114 1683 1237 1717 obvia.

505 1791 775 1846 Conspectus
808 1790 1117 1845 dispositionis.

168 1881 286 1922 Sect.
320 1883 360 1924 1.
422 1883 663 1939 Vagae.
727 1891 985 1926 Perianthium
1008 1891 1194 1936 plerisque
1213 1893 1335 1934 breve,
1352 1893 1582 1929 involucrum

52 1960 181 1993 parum
209 1962 415 1995 superans,
443 1951 691 1991 herbaceum,
729 1963 791 1987 ore
818 1955 992 1985 truncato
1020 1952 1172 1996 obliquo
1199 1951 1369 1987 foliorum
1398 1955 1443 1987 ad
1465 1955 1581 1990 instar

51 2008 368 2046 dentato-ciliato.
408 2011 517 2045 Rami
539 2022 560 2046 e
582 2012 691 2046 caule
708 2011 886 2056 primario
903 2010 1155 2046 adscendente
1180 2022 1274 2055 vage
1293 2013 1579 2051 subdichotonii.

50 2068 329 2112 Amphigastria
355 2070 394 2105 in
421 2082 497 2106 una
524 2071 648 2115 specie
683 2072 806 2107 obvia.
867 2071 972 2106 Folia
1000 2071 1081 2106 basi
1119 2071 1155 2105 in
1190 2071 1339 2106 cristam
1374 2076 1578 2110 ventralein

50 2138 124 2163 non
150 2129 401 2165 conniventia.

97 2199 124 2242 ξ.
163 2202 190 2233 l.
244 2201 410 2235 Patulae.
463 2202 568 2237 Folia
590 2202 965 2237 dimidiato-cordata
984 2203 1042 2237 vel
1059 2207 1182 2243 ovata,
1206 2204 1347 2247 patula,
1364 2205 1576 2248 spinuloso-

241 2259 492 2296 denticulata:
520 2262 652 2305 Specc.
684 2265 699 2296 l
729 2281 774 2287 -
802 2265 835 2296 8.

96 2317 124 2360 83.
160 2320 195 2352 2.
247 2318 442 2354 Distichae.
493 2320 601 2355 Folia
630 2321 782 2367 oblique
808 2326 937 2365 ovata,
960 2322 1019 2356 vel
1048 2325 1256 2356 antrorsum
1285 2328 1439 2358 arcuata
1474 2327 1575 2361 basi-

241 2389 315 2422 que
349 2377 470 2414 infera
503 2385 688 2425 cuneata,
733 2383 792 2416 vel
831 2382 1096 2427 subaequalia‚
1148 2382 1577 2428 patenti—divergentia‚

240 2438 641 2484 denticulato-citima,
667 2441 788 2476 rarius
815 2441 1152 2486 subintegerrima:
1183 2441 1319 2485 Specc.
1348 2446 1372 2477 9
1397 2463 1442 2469 —
1467 2448 1527 2480 31.

162 2533 280 2574 Sect.
312 2533 354 2574 2.
415 2532 904 2578 Adiantssideae.
969 2545 1227 2580 Periantliium
1254 2546 1486 2583 involucrum
1511 2562 1573 2586 ae—

48 2611 170 2645 quans
191 2602 250 2635 vel
271 2601 428 2637 dimidio
449 2602 609 2646 longius,
636 2603 873 2646 herbaceum,
895 2615 958 2640 ore
974 2610 1146 2640 truncato
1168 2605 1320 2650 obliquo
1338 2607 1507 2643 foliorum
1528 2611 1573 2643 ad

48 2660 166 2694 instar
193 2660 514 2697 dentato—ciliato.
568 2662 679 2696 Rami
708 2674 728 2697 e
754 2664 861 2698 caule
880 2656 1056 2708 primario
1074 2665 1207 2704 erecti,
1232 2665 1444 2701 dichotomo
1465 2678 1575 2711 parce

48 2719 158 2753 divisi
184 2720 243 2754 vel
267 2721 504 2756 dendroidei.
554 2721 659 2756 Folia
686 2722 898 2763 dimidiata,
923 2725 1228 2766 cordato-ovata,
1255 2726 1429 2769 oblonga,
1457 2728 1576 2760 rarius

49 2779 271 2823 lanceolata,
300 2781 421 2825 magis
447 2781 617 2816 minusve
644 2772 965 2818 dentato-ciliata.

97 2849 125 2893 ξ».
165 2853 196 2884 1.
252 2851 479 2897 Planifolz'ae.
532 2852 639 2888 Folia
673 2853 943 2896 hmizontafia,
973 2855 1178 2898 subplana,
1209 2855 1287 2888 basi
1318 2853 1474 2887 venti-ali
1503 2865 1573 2889 non

241 2909 419 2946 dilatata:
448 2913 581 2955 Specc.
607 2916 668 2955 32,
693 2917 750 2948 33.
