1824 3252
632 169 823 212 Polyotus.
878 168 1078 202 Ptilidium.
1526 173 1597 204 249

181 286 372 329 Caespites
409 284 616 327 complures
663 283 815 326 pollices
861 281 944 321 lati,
992 281 1170 321 intricati;
1212 285 1336 325 partes
1377 283 1596 316 vetustiores

87 346 349 388 nigrescentes,
379 344 545 377 novellae
574 342 746 386 pallidae,
775 342 849 375 fere
876 341 1023 375 albidae
1050 343 1104 374 vel
1134 352 1355 385 purpureae.

182 403 303 437 Carales
317 402 574 446 2—pollicares‚
601 412 713 444 saepe
733 401 907 443 elongati,
936 400 1059 444 pinnis
1080 400 1319 435 brevissimis.
1360 400 1463 433 Folia
1490 400 1597 433 valde

86 464 283 507 pessucida,
313 464 397 496 laxe
416 460 624 501 reticulata,
651 459 804 503 integra,
832 460 862 493 si
890 459 1063 494 inferiore
1092 460 1256 503 margine
1283 459 1429 493 dentem
1447 459 1596 493 unicum

89 523 142 555 vel
172 524 325 557 alterum
354 519 530 563 negligis;
559 519 594 552 in
621 519 727 552 caule
754 518 947 562 principali
973 519 1138 552 auricula
1157 519 1302 552 clavata
1320 530 1401 552 cum
1422 529 1596 563 processu

88 580 260 614 subulato
288 579 470 613 foliiformi
500 578 703 612 interiecto.
755 578 1019 624 Ampltiyastria
1051 588 1181 621 parum
1209 588 1392 618 concava,
1420 578 1599 621 profunde

88 639 220 679 divisa,
255 638 455 681 segmentis
492 637 599 671 valde
632 637 875 678 acuminatis3
911 637 947 670 in
985 637 1094 670 ramis
1131 636 1337 670 iunioribus
1372 647 1483 679 saepe
1510 636 1599 670 bina

87 704 291 740 segmenta,
319 698 430 732 etiam
460 702 577 736 terna,
609 696 645 730 in
673 697 809 731 adultis
836 700 1031 741 quaterna,
1058 695 1257 739 segmentis
1282 695 1468 729 interdum
1495 696 1595 729 auri-

89 757 388 790 eulaeformibus.

187 815 343 850 Difficile
386 814 605 848 discernitur
643 825 662 847 a
699 814 844 860 Polyoto
877 814 1065 858 elave'yeroe
1111 818 1233 847 tamen
1272 815 1445 858 cognosci
1480 818 1601 858 potest

88 873 255 907 foliorum
291 874 423 908 areolis
459 873 659 907 maioribus
697 878 733 906 et
769 872 942 906 dentibus
979 876 1122 906 tantum
1163 873 1200 906 in
1240 874 1404 916 margine
1444 872 1599 907 ventrali

88 932 219 973 obviis,
247 932 594 975 ampliigastriorum
622 930 765 964 laciniis
786 930 950 973 margine
978 931 1110 974 planis,
1138 942 1206 965 nec
1234 932 1409 975 recurvis,
1437 931 1600 966 caulium

89 990 194 1034 apice
229 991 391 1031 tumido,
430 990 555 1035 pinnis
593 990 822 1024 brevioribus
860 990 956 1023 foliis
992 990 1168 1031 occultis;
1207 991 1338 1024 crescit
1372 990 1531 1035 denique
1562 990 1599 1024 in

87 1050 314 1093 caespitibus
342 1050 536 1084 latioribus
561 1050 683 1083 colore
709 1048 998 1083 obscurioribus.

387 1134 421 1165 8.
448 1134 459 1165 ’ἲ
509 1131 767 1176 Polyotus
795 1131 1120 1176 allophyllus
1146 1130 1293 1173 Taylor.

185 1190 230 1224 P.
270 1190 364 1224 crude
397 1190 508 1223 lamias
540 1190 688 1235 disperso
722 1189 815 1222 tenui
848 1188 950 1222 debili
971 1189 1129 1234 flea-noso
1157 1188 1370 1227 sabramoso,
1394 1187 1500 1233 filiis
1524 1188 1600 1221 sul)-

88 1250 294 1284 distantz'bus
318 1248 635 1294 erecto-patentibus
661 1248 727 1282 late
750 1247 902 1282 mullibus
925 1248 1051 1281 obtusis
1075 1249 1248 1293 creatisque
1273 1249 1501 1293 inlegserrimis
1524 1250 1601 1282 sub-

87 1309 314 1354 dentatisque,
348 1310 516 1345 auriculis
549 1315 692 1353 (mgyuste
724 1307 874 1353 oblonyz’s
904 1307 1118 1341 subineurw‘s
1150 1321 1172 1341 (ι
1194 1308 1368 1353 foliorum
1395 1308 1469 1341 basi
1491 1310 1601 1342 diver—

83 1367 260 1411 yentibus,
310 1369 568 1414 amplriyastriis
617 1368 761 1402 'minutis
810 1367 924 1411 bifidis
973 1368 1150 1411 sey'mente's
1199 1366 1393 1400 lanceolatis
1432 1369 1602 1401 interdum

86 1427 439 1473 auriculaejformibus.

279 1488 544 1528 Jungermanuia
574 1488 775 1530 (Frullauia)
801 1488 980 1530 alloplqlla
1012 1485 1142 1531 Ταμὼν
1160 1486 1251 1531 Hep.
1269 1492 1417 1519 (tutaret.
1438 1487 1473 1519 ίιι
1494 1486 1599 1519 Lond.

362 1545 485 1578 Journ⁴
516 1545 559 1590 of
578 1544 642 1578 bot.
675 1548 776 1580 1844.
795 1558 833 1591 p.
860 1548 940 1579 394.
968 1557 1003 1578 n.
1030 1548 1087 1579 58.

186 1601 344 1635 Habitat
365 1604 401 1637 in
423 1604 647 1646 Campbell's
664 1604 803 1647 mand,
833 1604 930 1637 unde
957 1604 1080 1637 attulit
1102 1604 1167 1637 Dr.
1185 1603 1429 1647 Hookerjun.
1457 1604 1600 1638 Crescit

87 1670 196 1701 parce
223 1660 318 1694 inter
344 1661 436 1695 alias
461 1662 789 1704 Jungermannias.

184 1719 340 1753 Minima
376 1721 519 1764 species
554 1720 647 1754 inter
682 1732 928 1764 congeneres,
964 1722 1000 1755 in
1039 1724 1136 1754 statu
1164 1720 1263 1754 sicco
1291 1720 1357 1754 atri
1385 1719 1538 1761 coloris,
1572 1720 1602 1754 si

89 1777 319 1812 humectatur
345 1781 502 1813 obscure
528 1780 717 1823 purpurei.
768 1780 891 1815 Caedes
916 1784 939 1814 2
959 1801 974 1806 —
995 1783 1016 1813 3
1035 1780 1099 1814 lin.
1127 1779 1245 1821 longi,
1279 1778 1401 1822 pinnis
1428 1779 1603 1813 brevibus

89 1837 239 1870 alternis
266 1839 527 1882 pauciramosi.
580 1839 686 1872 Folia
713 1839 827 1873 forma
862 1840 1032 1881 diversa,
1069 1837 1242 1871 inferiora
1276 1837 1458 1880 longiora,
1492 1842 1601 1871 ovata

88 1895 143 1928 vel
171 1896 468 1941 late-elliptica,
503 1897 742 1932 obtusissima
779 1899 834 1932 vel
870 1898 1103 1937 acuminata,
1139 1895 1373 1938 integerrima
1410 1896 1465 1929 vel
1493 1897 1603 1930 deute

86 1954 195 1994 unico
223 1956 384 1990 alterove
412 1957 486 1991 lato
513 1957 674 1998 munita;
709 1957 898 1991 auriculae
930 1960 1035 2000 parte
1062 1956 1200 1989 inflexa
1225 1954 1402 1997 marginis
1428 1954 1605 1987 ventralis

86 2011 299 2055 fulciuntur,
327 2016 425 2059 quod
453 2017 499 2049 ad
534 2016 620 2050 folia
657 2027 825 2059 magnae,
853 2021 1062 2050 extrorsum
1096 2017 1133 2048 et
1159 2014 1330 2047 deorsum
1358 2013 1602 2056 divergentes.

86 2071 251 2107 'rextura
303 2076 436 2110 areolis
477 2077 585 2110 valde
627 2077 770 2120 magnis
816 2077 863 2110 ad
902 2077 1052 2120 plantae
1097 2071 1360 2116 magnitudinis
1411 2071 1602 2105 rationem.

86 2131 425 2177 Amphiyastriormn
453 2138 645 2178 segmenta
672 2145 785 2178 saepe
812 2132 1145 2169 auriculaeformia.

384 2227 634 2282 XXVIII.
700 2228 1039 2274 Ptilidium
1072 2227 1132 2268 N.
1162 2227 1214 2267 ab
1243 2225 1294 2266 E.

89 2306 180 2352 Hep.
209 2307 298 2342 Eur.
330 2308 357 2342 I.
379 2322 416 2354 p.
433 2312 490 2343 95.
520 2310 638 2344 Limll.
666 2310 802 2343 Introd.
827 2310 877 2343 ecl.
904 2312 937 2343 2.
954 2321 992 2354 p.
1018 2312 1100 2342 414.
1154 2308 1243 2353 Hep.
1261 2306 1350 2339 Eur.
1379 2306 1451 2339 ΙΙΙ.
1466 2318 1502 2351 l).
1525 2309 1602 2340 117.

89 2365 155 2398 IV.
178 2379 215 2411 p.
244 2367 376 2401 XXV.
403 2381 436 2401 η.
465 2371 521 2401 20.
574 2368 761 2402 Emllefclzer
788 2368 871 2401 Gen.
896 2380 933 2413 1).
961 2370 1063 2402 1341.
1090 2379 1125 2400 n.
1152 2364 1300 2411 4721'14.
1351 2365 1600 2407 Jungerman-

89 2424 171 2458 niae
205 2425 295 2460 Seet.
330 2429 364 2460 2.
433 2427 677 2471 Blepharozia
714 2427 880 2461 Dumort.
914 2426 1003 2473 Syll.
1037 2426 1217 2471 szyerm.
1250 2437 1285 2470 p.
1316 2426 1374 2457 46.
1438 2423 1599 2466 Junger-

88 2484 259 2519 manniae
286 2497 407 2529 specc.
437 2487 539 2520 Lina.
568 2490 605 2520 et
628 2493 734 2520 auctt.

185 2543 440 2578 Perianthium
466 2546 504 2579 in
534 2546 676 2579 ramulo
702 2544 895 2579 terminale
922 2544 1097 2585 liberum,
1132 2548 1242 2583 teres,
1268 2542 1603 2578 membranaceum,

90 2611 150 2634 ore
178 2603 396 2637 connivente
423 2603 633 2648 subplieato
660 2603 899 2638 denticulato.
967 2603 1145 2647 Calyptra
1183 2600 1602 2637 coriaceo-clrartacea,

92 2657 216 2693 libera.
270 2662 433 2705 Capsula
460 2667 590 2704 ovata,
619 2663 665 2696 ad
693 2663 800 2697 basin
828 2673 944 2707 usque
971 2662 1245 2707 quadrivalvis;
1279 2661 1437 2695 elateres
1464 2658 1602 2701 bispiri.

92 2718 276 2752 Antherae
313 2722 348 2753 in
389 2722 545 2756 diversis
582 2722 808 2763 individuis,
854 2721 1123 2756 inflorescentia
1163 2722 1278 2755 dense
1313 2719 1506 2753 imbricata
1546 2717 1602 2750 vel

91 2777 257 2816 clavata,
330 2780 385 2812 vel
428 2780 772 2815 tereti-attenuata
818 2781 1107 2824 incurvataque,
1161 2779 1257 2814 foliis
1313 2775 1603 2821 perigonialibus

92 2837 477 2871 inflato-ventricosis
504 2839 754 2874 conformibus
785 2839 1043 2874 1-2-andri5.
1101 2838 1206 2873 Folia
1232 2836 1389 2875 incuba,
1427 2834 1603 2870 ‹iecur-va,

92 2893 330 2936 palmatifida‚
360 2896 592 2939 complicata,
621 2898 755 2932 ciliata.
