1824 3252
149 190 222 222 :363
799 185 1034 220 Fimbriana.

150 308 186 335 et
213 301 342 336 fronde
370 301 515 335 novella
546 300 624 332 basi
654 299 763 343 quasi
800 299 1056 343 „pericliaetio
1084 298 1241 333 foliaceo
1269 298 1376 343 apice
1406 299 1555 334 bilobo“
1584 299 1624 341 (l.
1652 311 1683 334 c.

151 375 186 406 p.
214 364 254 405 6)
289 363 485 395 instructa.
540 361 655 393 Costa
684 360 825 393 frondis
851 360 1057 394 innovatae
1086 359 1192 392 fusca
1220 358 1472 403 pedunculum
1509 370 1555 393 ex
1593 370 1685 394 suae

150 422 268 466 ipsius
296 419 506 454 substantia
535 424 771 462 procreatum
799 430 819 453 e
845 424 947 453 costa
972 418 1125 462 plantae
1152 417 1365 452 innovantis
1391 422 1511 452 ortum
1539 419 1686 454 trahere

151 481 326 514 mentitur
351 479 468 522 (unde
496 479 517 512 l.
545 489 576 511 c.
607 479 842 522 receptacula
872 478 1099 521 hypophylla
1134 476 1338 520 dicuntur).
1393 477 1685 522 Receptaculum

150 540 317 573 adultum
351 539 503 583 planum
540 539 596 572 vel
634 544 763 572 centro
799 538 997 581 depresso,
1036 536 1222 575 neutrale,
1259 536 1686 579 bulloso-granulatum

150 599 283 632 subtus
310 598 450 632 circum
479 598 735 641 pedunculum
765 598 882 630 barba
911 596 1011 630 brevi
1049 596 1193 629 rubella
1229 595 1429 635 vestitum,
1469 597 1686 640 angulatum

149 668 213 690 seu
242 658 409 691 obsolete
436 657 625 698 lobatum,
660 658 696 690 in
724 657 900 691 involucra
935 656 1068 690 abiens
1101 659 1216 696 2-4‚
1256 655 1516 699 integerrima,
1545 667 1610 690 seu
1639 657 1687 691 oh

151 717 310 760 papillas
348 722 539 752 exstantes
581 717 747 760 margine
787 718 1002 755 crenulata,
1051 716 1222 749 unissora.
1286 715 1540 749 Perranthium
1581 715 1687 760 apice

151 775 356 808 violaceum
404 777 460 810 vel
505 787 734 820 purpureum
754 803 762 816 ‚
807 777 886 810 basi
929 776 1165 816 deeolorum,
1212 775 1360 809 laciniis
1398 778 1460 816 lO,
1509 775 1616 820 apice
1650 776 1687 810 in

149 836 270 869 fructu
304 841 450 870 maturo
493 837 616 870 adbuc
664 835 838 870 connatis
873 836 1085 869 conflatum.
1154 834 1305 880 Capsula
1339 835 1514 878 globosa,
1560 835 1689 870 viridis

149 895 374 929 subsessilis.
434 896 577 930 Semina
605 896 813 934 tetra'e‘dra‚
841 894 1290 936 reticulato-marginata,
1319 894 1438 934 fusca,
1465 894 1685 930 bitunicata.

149 954 317 989 Elatcres
344 955 532 999 simplices
560 955 761 996 furcative,
803 946 930 998 parvi,
964 955 1055 987 fibra
1092 953 1250 997 simplici
1279 954 1383 987 fusca
1411 954 1447 987 in
1475 954 1566 988 tubo
1592 955 1688 989 flavo

152 1013 327 1055 praediti.

249 1073 385 1107 Dill'ert
415 1086 434 1106 a
464 1075 510 1108 F.
538 1074 772 1108 Walliehiana
800 1075 968 1113 minume,
997 1075 1132 1116 colore,
1161 1073 1290 1107 fronde
1316 1073 1441 1107 media
1467 1074 1690 1115 incrassata,

151 1130 187 1163 in
217 1132 409 1167 sterilibus·
437 1135 570 1168 subtus
597 1134 797 1175 fimbriata,
824 1139 927 1168 costa
957 1134 1140 1167 obsoleta.

452 1213 508 1244 17.
558 1210 893 1245 Fimbriam-ia
918 1210 1109 1245 ‘viridis
1138 1209 1178 1243 L.
1206 1214 1243 1243 et
1270 1208 1389 1251 Ldbg.

253 1267 292 1302 F.
310 1269 443 1314 fronde
468 1269 610 1314 oblonga
635 1268 816 1314 aequelata
841 1271 992 1315 repanda
1018 1270 1113 1316 apice
1133 1269 1354 1313 emaryinata
1377 1267 1495 1302 subtus
1517 1269 1691 1303 concolor-e

151 1325 294 1371 abrupte
327 1328 509 1368 carinam,
539 1328 746 1374 pedunculis
776 1328 910 1373 ylabris
945 1331 1041 1376 apice
1075 1330 1272 1371 diseoideis,
1309 1329 1522 1375 receptaculo
1533 1331 1692 1375 femineo

145 1384 363 1433 planc‘usculo
389 1387 678 1434 tri-quinquelobo
703 1387 822 1422 subtus
848 1388 996 1422 brevitet·
1021 1388 1177 1430 barbato,
1201 1390 1413 1435 perianthii-s·
1438 1389 1597 1425 stellatis.

343 1448 550 1480 Firnbriaria
584 1449 702 1480 viridis
737 1448 780 1482 L.
808 1455 840 1482 et
867 1449 932 1493 Ly.
960 1450 996 1482 in
1027 1449 1147 1483 Lehm.
1178 1449 1272 1493 Puy.
1297 1449 1347 1495 pl.
1377 1448 1444 1482 IV.
1469 1462 1505 1495 p.
1533 1454 1567 1483 6.
1593 1464 1626 1484 u.
1655 1456 1688 1486 4.

433 1508 594 1541 Goetsche
622 1507 717 1542 Icon.
748 1508 880 1553 Hepat.
907 1509 1029 1542 inedit.

250 1564 411 1599 Habitat
437 1569 473 1601 in
504 1567 666 1611 Nepalia
691 1567 875 1607 (Wallich
903 1567 939 1601 in
970 1568 1046 1602 Hb.
1075 1568 1151 1601 Hk.
1180 1579 1213 1601 n.
1240 1571 1301 1607 33,
1330 1568 1385 1607 L.‚
1414 1569 1480 1610 Lg.
1509 1575 1545 1603 et
1573 1570 1649 1615 N.).

250 1623 420 1659 Frondes
443 1626 678 1667 imbricatae,
706 1627 879 1667 lineares,
907 1631 1106 1670 augustae,
1133 1627 1439 1670 semipollicares,
1466 1627 1529 1661 vix
1551 1628 1686 1662 lineam

155 1683 265 1722 latae,
293 1683 484 1727 simplices
512 1686 570 1719 vel
599 1685 684 1719 sinu
720 1690 830 1720 acuto
865 1685 1053 1728 furcatae,
1091 1687 1387 1729 canaliculatae‚
1425 1687 1529 1722 venis
1565 1688 1690 1722 multis

153 1742 228 1774 iarn
258 1744 358 1777 nudo
385 1745 493 1779 oculo
522 1747 604 1779 luce
634 1744 746 1779 obvia
783 1745 995 1780 visibilibus
1031 1747 1223 1791 depictae,
1257 1751 1363 1781 costa
1396 1758 1522 1781 crassa
1557 1748 1689 1781 subtus

155 1802 390 1843 prominente
418 1805 610 1849 densoque
638 1804 888 1838 radicularum
911 1805 996 1839 villo
1023 1806 1159 1848 obsita,
1187 1817 1453 1851 nonnunquam
1480 1807 1535 1848 (in
1556 1807 1686 1841 fructi-

155 1860 240 1894 seris
268 1865 499 1906 praesertim)
529 1875 643 1908 supra
670 1874 819 1908 quoque
846 1866 1051 1909 conspicua
1078 1876 1291 1909 percursae‚
1319 1866 1484 1908 margine
1505 1866 1689 1901 teneriore

156 1921 355 1955 chartaceo
390 1923 816 1957 sinuato-crenulatae.
871 1924 1031 1959 Plantae
1065 1925 1280 1960 fructiferae
1316 1925 1498 1968 profunde
1524 1926 1686 1970 emargi-

155 1984 278 2019 natae,
307 1982 451 2016 laciniis
479 1982 761 2016 obtusiusculis.
816 1983 926 2016 Color
961 1984 1058 2017 laete
1096 1984 1239 2018 viridis.
1293 1984 1407 2018 Costa
1443 1982 1522 2016 abit
1554 1983 1591 2017 in
1618 1994 1685 2027 pe-

155 2037 358 2073 ‹lunculum
394 2051 413 2074 e
440 2042 524 2075 sinu
554 2041 867 2082 adscendentem,
903 2041 1184 2084 brevissimum,
1218 2053 1406 2084 erassum,
1440 2043 1686 2077 ocliroleuco-

156 2097 429 2134 fuscescentem
458 2100 537 2135 basi
566 2101 708 2134 nudum
736 2101 1000 2146 glabrumque‚
1035 2101 1141 2146 apice
1169 2102 1363 2136 tumidum.
1417 2101 1689 2148 Receptaculmn

145 2156 339 2198 ‚femineum
369 2160 499 2201 viride,
526 2161 678 2204 planum
708 2162 765 2194 vel
794 2161 917 2196 m'edio
943 2162 1083 2196 vertice
1110 2161 1342 2206 depressum,
1371 2162 1684 2197 bullato-tuber-

155 2218 337 2257 vulosum,
367 2220 599 2263 rugulosum,
633 2224 656 2254 2
675 2224 725 2254 -4
745 2241 759 2247 -
778 2222 922 2262 florum,
951 2222 1084 2255 subtus
1111 2221 1386 2266 apophysatum
1415 2229 1453 2255 et
1478 2221 1565 2256 villo
1587 2221 1690 2255 brevi

156 2276 365 2313 barbatum.
418 2280 608 2314 [avolum-a
644 2280 866 2315 brevissima
883 2308 891 2322 ‚
938 2281 1142 2325 ampliata,
1181 2281 1388 2315 crenulata.
1443 2281 1690 2316 Perianfflium

155 2336 349 2372 involucro
368 2338 482 2384 duplo
507 2341 669 2383 longius,
698 2341 733 2374 in
763 2341 887 2374 fructu
915 2346 1062 2375 maturo
1090 2341 1212 2374 adhuc
1240 2341 1348 2384 apice
1374 2341 1552 2375 tubuloso
1578 2351 1690 2374 coro>—

157 2399 306 2437 natum,
343 2398 378 2431 in
407 2399 548 2433 ambitu
571 2403 591 2433 7
621 2400 723 2433 rimis
752 2399 973 2440 dehiscens,
1000 2401 1203 2444 segmentis
1229 2401 1286 2435 vel
1317 2400 1464 2434 laciniis
1488 2399 1689 2444 perianthii

156 2456 394 2492 flavo-fuscis
415 2459 584 2493 costatini
608 2460 822 2493 contractis.
859 2460 1000 2494 ,Semina
1020 2460 1241 2502 bitunicata‚
1264 2461 1389 2501 fusca;
1413 2459 1552 2494 elaten-es
1568 2458 1688 2502 parvi,

156 2514 298 2548 :semina
327 2516 436 2560 tripla
464 2518 698 2560 longitudine
726 2524 952 2564 aequantes,
987 2519 1177 2564 simplices
1204 2519 1261 2553 vel
1289 2518 1444 2558 sulcati,
1472 2516 1686 2561 monospiri.

158 2573 419 2619 Inflorescentia
444 2577 597 2612 mascula
624 2578 661 2611 in
691 2578 812 2612 media
841 2584 946 2613 costa
973 2580 1129 2619 sessilis,
1156 2579 1194 2613 in
1220 2579 1350 2622 planta
1374 2578 1535 2619 diversa,
1561 2576 1689 2611 discus

156 2634 406 2671 antlieriferus
434 2638 636 2681 empticus,
664 2638 805 2679 fuscus,
834 2638 984 2682 papillis
1010 2642 1088 2673 20-
1106 2641 1153 2672 25
1178 2637 1343 2678 obsitus;
1379 2638 1479 2672 frons
1507 2637 1688 2672 undulata

158 2694 264 2737 apice
293 2695 428 2731 bilobo.

253 2754 361 2789 Obs.
413 2755 566 2796 Colore,
605 2756 736 2791 fronde
762 2756 978 2798 angustiore
1005 2757 1278 2795 canaliculata,
1315 2756 1481 2799 margine
1514 2756 1685 2790 sinuato-

158 2816 373 2854 crcnulata,
401 2816 535 2849 subtus
563 2816 758 2850 conc-olore
787 2827 857 2849 nec
884 2816 1069 2850 fimbriata
1098 2828 1116 2850 a
1144 2816 1282 2850 Fimbr.
1309 2818 1501 2861 sctnquinea
1526 2815 1687 2849 diversa.

163 2872 296 2906 Fimhr.
331 2874 563 2909 U'allielcirrna
592 2881 647 2909 est
677 2875 792 2909 inulto
821 2874 957 2917 maior,
994 2886 1294 2919 purpurascens,
1329 2880 1366 2909 et
1393 2876 1515 2909 differt
1541 2885 1687 2920 quoque

160 2934 367 2968 ‚substantia
397 2936 592 2974 teneriore,
620 2935 834 2979 pcduneulo
862 2934 1028 2976 longiore
1053 2940 1208 2980 totoque
1233 2936 1373 2970 babitu.
