1824 3252
153 192 194 221 14
790 171 1002 207 Gottsohea.

247 298 401 331 Plantae
426 291 628 330 terricolae,
655 287 890 324 muoeicolae,
916 281 1120 328 speciosae,
1148 280 1260 317 latae,
1276 275 1477 310 rhizomate
1494 279 1656 319 repente,

152 355 262 390 ramis
288 354 419 389 erectis
448 357 510 386 aut
536 347 843 383 decumbentibus
869 341 1098 385 simplicibus
1123 336 1319 381 parciusve
1355 335 1510 369 ramosis
1544 335 1657 368 dense

150 415 300 450 foliosis.
351 413 454 447 Folia
485 408 646 443 maxima
672 405 784 440 totius
818 401 990 440 familiae,
1025 397 1181 432 distiche
1206 395 1421 434 imbricata,
1454 393 1655 426 herbaceo-

152 479 289 512 tenera,
327 471 446 514 ample
478 466 669 501 reticulata
695 461 849 497 maculis
882 457 1162 494 intercalaribus
1189 454 1393 495 distinctis,
1427 451 1659 496 complicata.

152 536 305 571 serrata,
331 530 417 575 quin
432 525 659 571 pinnatifida‚
685 522 803 556 rarius
829 517 1076 562 integerrima,
1103 516 1187 551 lobo
1214 515 1349 550 dorsali
1377 526 1488 558 saepe
1516 512 1659 552 minori,

154 596 189 628 in
223 591 342 636 priore
375 586 536 622 sectione
569 584 678 617 dorso
713 579 787 615 lobi
824 577 1008 612 inferioris
1041 574 1232 620 imposito;
1274 575 1310 608 in
1344 574 1426 608 aliis
1453 572 1661 607 lamellulae

153 653 275 696 plures
302 653 479 690 angustae
505 642 704 686 parallelae
729 649 793 682 per
809 638 912 672 lobos
925 637 1176 670 decurrentes.
1227 634 1272 667 In
1287 632 1480 678 posteriori
1499 631 1663 665 sectione

153 708 238 742 folia
265 704 477 749 simpliciter
501 701 741 744 complicata,
778 702 817 731 ut
851 697 886 730 in
915 694 1125 740 Scapaniis.
1179 693 1373 738 Plerisque
1400 690 1663 736 amphigastria

155 772 257 807 sunt,
292 765 401 799 bifida
428 767 491 795 aut
516 758 766 802 emarginata,
804 756 861 790 vel
895 754 1134 798 integerrima
1167 753 1224 788 vel
1259 753 1386 787 ciliata
1412 752 1470 787 vel
1498 752 1662 785 dentata.

156 824 344 860 Accedunt
370 823 406 856 in
431 819 614 854 nonnullis
640 817 762 851 foliola
790 826 905 859 parva
940 815 1075 855 lacera,
1111 813 1252 859 absque
1284 812 1414 847 ordine
1447 811 1542 846 cauli
1570 811 1665 845 inter

155 884 254 924 folia,
280 893 345 916 eeu
373 881 524 925 paleae,
550 878 730 922 inspersa.
783 875 991 909 Radiculae
1025 873 1164 918 ubique
1191 873 1338 914 rubrae,
1370 872 1428 906 vel
1455 884 1474 905 e
1501 871 1667 905 violaceo

155 952 372 986 purpureae,
399 939 502 973 basin
531 947 657 971 versus
683 935 798 968 denso
825 923 971 977 agmine
996 944 1016 968 e
1043 932 1150 967 caule
1176 932 1373 977 prodeunt.

249 1013 402 1057 Species
435 1020 562 1044 omnes
593 1007 735 1042 eoelum
769 1003 930 1039 calidum
964 1004 1021 1037 vel
1063 1004 1196 1038 saitem
1228 1001 1526 1046 temperatiorem
1559 1013 1663 1037 men-

156 1073 318 1117 tiumque
346 1071 437 1104 inter
464 1070 621 1112 tropicos
648 1066 798 1100 umbras
825 1068 963 1103 amant,
996 1062 1114 1097 rarius
1140 1062 1366 1097 fructiferae.
1416 1062 1665 1106 Hernisplrae-

159 1133 211 1167 rio
254 1131 404 1166 australi
448 1128 544 1172 globi
586 1126 698 1160 nostri
744 1130 780 1158 et
816 1122 984 1168 inprimis
1021 1123 1154 1157 insulis
1199 1123 1279 1156 eius
1322 1121 1532 1165 adscriptae
1572 1126 1668 1155 sunt.

160 1193 260 1227 Inter
297 1194 356 1229 17,
390 1200 482 1233 quas
522 1187 587 1221 rite
619 1184 878 1228 cognovimus,
918 1186 938 1216 4
976 1183 1012 1216 in
1056 1181 1165 1216 Nova
1199 1181 1402 1215 Zeelandia
1443 1180 1515 1224 (ad
1550 1180 1669 1213 sinum

162 1252 290 1295 Dusky
321 1251 398 1292 Bay
427 1247 597 1290 dictum),
623 1248 646 1279 4
676 1244 712 1278 in
738 1244 837 1277 Java
868 1243 991 1277 insula
1028 1242 1144 1275 lectae
1169 1246 1275 1283 sunt,
1337 1244 1350 1275 1
1380 1241 1416 1275 in
1444 1241 1571 1274 Insula
1599 1250 1670 1273 van

162 1311 317 1344 Diemen
345 1314 381 1341 et
406 1309 440 1341 in
469 1306 604 1340 Insulis
630 1302 841 1343 Auckland‚
869 1306 892 1336 2
918 1302 954 1336 in
985 1302 1114 1336 Insula
1141 1301 1179 1335 S.
1207 1300 1396 1341 Maurifii,
1436 1304 1448 1334 l
1478 1299 1516 1334 in
1546 1299 1672 1333 Insula

166 1369 407 1408 Bomonicae,
437 1370 452 1400 1
473 1366 509 1400 in
528 1363 782 1398 Promontorio
800 1363 928 1396 Bonae
947 1361 1049 1406 Spei,
1071 1365 1086 1395 1
1106 1361 1141 1395 in
1159 1361 1288 1395 Insula
1302 1361 1449 1395 Tristan
1465 1360 1672 1400 d'Aeunha‚

169 1432 179 1462 l
210 1428 247 1462 in
276 1426 412 1461 Insulis
434 1422 669 1468 Philippinis‚
698 1426 713 1455 l
744 1420 779 1455 in
806 1420 920 1455 Terra
947 1422 1119 1455 statuum
1149 1419 1392 1464 Patagoniae‚
1433 1423 1444 1453 1
1482 1420 1519 1453 in
1548 1418 1672 1452 Insula

161 1491 260 1524 Juan
286 1485 520 1524 Ferunndez,
550 1488 564 1517 1
602 1483 648 1516 ad
677 1482 808 1515 fretum
838 1480 1126 1523 Magellanieum
1159 1483 1344 1514 crescunt.
1404 1478 1558 1522 Species
1600 1487 1674 1510 una

164 1549 368 1593 (Gottschea
391 1545 630 1592 ylaucescens)
656 1546 802 1586 praeter
831 1540 975 1574 Novam
1003 1539 1245 1574 Zeelandiam
1271 1538 1383 1572 etiam
1405 1536 1674 1579 Neekrlwrriw,

166 1608 370 1642 districtum
411 1603 632 1638 Peninsulae
669 1601 801 1635 Indiae
835 1598 1038 1639 orientalis,
1064 1599 1233 1634 habitare
1258 1598 1516 1642 comperimus.

562 1694 710 1736 Sentio
750 1693 787 1736 l.
853 1690 1258 1737 Dorsilobae.

263 1792 384 1825 Lobus
410 1789 565 1824 dorsalis
593 1787 760 1822 foliorum
790 1785 966 1820 ventralis
992 1785 1065 1819 lobi
1092 1785 1251 1829 paginae
1272 1784 1450 1829 superiori
1471 1785 1676 1828 impositus,

729 1895 762 1921 a,
796 1881 902 1928 soliis
938 1880 1098 1915 laevibus.

676 1967 708 2006 ἓ.
748 1967 777 1997 l.
829 1963 1165 2009 Amphiyctstriatae.

402 2054 427 2083 1.
480 2047 754 2083 aottschea
788 2046 1215 2091 appendic-alata
1253 2047 1300 2080 N.
1329 2046 1375 2080 ab
1404 2046 1446 2079 E.

269 2120 313 2154 G.
347 2120 453 2153 ramis
484 2119 775 2165 sub-simplicibus,
799 2119 972 2164 foliorum
1005 2117 1077 2151 Iobo
1107 2116 1258 2151 ventrali
1290 2116 1380 2151 ovali
1411 2118 1541 2162 apicem
1568 2128 1682 2149 versus

168 2180 376 2225 pinuat‘ijido
401 2179 535 2213 laciniis
558 2178 758 2218 sem-ulans,
795 2178 867 2212 lobo
901 2177 1033 2212 (lorsalz'
1051 2176 1225 2223 jeliiyeno
1257 2179 1276 2219 ᾗ
1313 2175 1459 2211 breviori
1484 2175 1681 2208 dimidiato-

173 2245 268 2271 ovato
293 2245 390 2272 acute
415 2244 612 2271 excurrente
636 2237 863 2275 denticulato,
900 2237 1158 2282 ampluiyastriis
1185 2236 1362 2282 bipartitis
1394 2235 1530 2269 laciniis
1557 2234 1681 2267 inciso-

173 2298 325 2338 serratis,
351 2296 523 2330 <involucro
548 2297 657 2330 caulis
681 2298 771 2343 apici
799 2297 1002 2331 coalescente
1032 2296 1272 2343 cyatltfformi‚
1297 2309 1355 2331 ore
1380 2293 1554 2342 profunde
1581 2295 1684 2327 inciso

176 2356 311 2389 laciniis
336 2353 502 2401 (8-9)
526 2355 712 2389 linearibus
736 2356 936 2401 aequalibus
961 2356 1122 2390 dentatis.
1679 2374 1682 2377 ·

362 2416 624 2456 Jnngermannia
659 2417 915 2459 appendiculam
951 2415 1067 2449 Hook.
1104 2415 1217 2449 Muse.
1244 2421 1333 2450 θεῖοί.
1371 2422 1395 2448 t.
1427 2417 1481 2448 15.
1533 2413 1616 2459 Spr.
1645 2413 1682 2445 S.

455 2472 534 2517 Vey.
561 2473 628 2507 IV.
662 2476 689 2507 l.
711 2486 748 2520 p.
775 2477 857 2508 220.
885 2486 919 2508 u.
946 2478 1005 2509 37.

229 2531 284 2563 Ad
313 2530 441 2564 Sinum
469 2532 597 2576 Dusky
626 2533 705 2577 Bay
737 2534 866 2568 Novae
893 2533 1120 2567 Zeelandiae
1146 2532 1235 2577 legit
1260 2532 1428 2567 Menzies
1452 2531 1545 2575 (Hb.
1570 2531 1663 2574 Hk.)

449 2625 484 2655 2.
536 2623 810 2660 aottschea
840 2627 1182 2661 Berterocma
1216 2624 1263 2658 N.
1291 2625 1337 2659 ab
1364 2625 1408 2658 E.

274 2692 319 2724 G.
356 2691 461 2724 ramis
492 2691 781 2738 subsimplicibus,
816 2695 990 2738 foliorum
1031 2695 1102 2730 lobo
1144 2695 1294 2729 ventrali
1328 2693 1688 2739 oblonyo-lmzceolato

178 2755 276 2783 acuto
307 2757 456 2790 serram,
494 2750 564 2783 lobo
598 2752 726 2786 dorsale·
744 2753 918 2798 foliiyeno
943 2754 1046 2800 duplo
1079 2755 1228 2788 breviori
1251 2753 1565 2788 ovato-lanceolata
1590 2760 1688 2787 acute

179 2816 381 2841 excurrente
414 2810 543 2854 apicem
576 2822 690 2844 versus
720 2812 967 2854 subserrulam‚
1014 2814 1272 2860 mnpbiyastriis
1314 2814 1422 2848 oratis
1454 2813 1688 2857 integerrimis

180 2866 272 2909 apice
305 2866 435 2911 bifidis,
459 2868 588 2912 fi'uctzc
622 2870 816 2912 terminali,
862 2873 1036 2906 involucro
1074 2874 1166 2919 apici
1198 2873 1305 2907 caulis
1338 2879 1482 2907 connato
1524 2871 1689 2916 illumque

183 2925 365 2963 ‘va-cedente,
381 2925 486 2969 foliis
512 2927 709 2962 lcmceclacis
734 2929 962 2974 inaequaliter
975 2932 1082 2976 fissis.
