1824 3252
163 221 237 253 260
846 210 1008 247 Radula.

579 330 635 361 18.
687 325 909 361 Raaula
935 326 1104 361 Helia>
1130 326 1279 370 Taylor.

260 390 311 425 R.
344 388 440 424 caule
472 385 618 433 implexo
643 392 778 432 repente
801 397 958 427 ramoso,
982 384 1089 431 foliis
1114 385 1257 420 alternis
1280 386 1419 421 remotis
1442 387 1695 422 concavissimis

162 449 412 496 inteqevrimis,
446 445 519 482 eobo
551 445 722 492 superiori
756 444 1033 491 ovato-oblonyo,
1065 446 1228 492 inferiori
1261 446 1353 481 ovali
1385 448 1516 482 tumido
1540 446 1693 481 involuto

162 511 257 556 apice
279 508 441 544 subacuta
468 506 590 552 reflexo
615 511 716 551 atque
741 504 813 539 lobo
837 506 1010 552 superiori
1033 506 1201 552 adpresso.

354 567 622 610 Jungermanuia
649 567 748 597 Helix
784 564 917 611 Taylor
941 565 1073 611 Hepat.
1107 571 1260 600 antarct.
1295 565 1333 600 in
1366 565 1477 600 Lmzd.
1503 566 1630 601 Journ.
1655 566 1701 612 qf'

441 613 578 659 botany.
608 615 712 647 1844.
732 625 771 659 p.
797 616 880 648 475.
907 626 942 648 η.
969 616 1027 648 50.

260 673 423 709 Habitat
458 673 495 707 in
521 673 801 718 Junyermannz’a
832 671 987 707 colorata
1021 672 1059 706 in
1095 671 1267 707 Hermite
1301 672 1430 707 Island
1465 672 1566 717 apud
1593 673 1688 708 Pro·

162 735 384 771 montorium
412 733 493 777 Cap
521 733 641 767 Horn.

258 793 460 838 Caespites
493 793 558 827 vix
584 796 606 828 3
633 792 697 826 lin.
725 792 809 833 lati,
848 793 971 827 colore
998 790 1201 827 stramineo
1232 802 1252 825 e
1283 791 1486 836 longinquo
1517 791 1691 836 speciosa

161 866 245 889 cum
270 852 587 898 Jungermannia‚
622 852 683 886 cui
709 856 941 896 superstrata
968 856 1037 894 est,
1072 856 1239 886 saturate
1265 851 1444 896 purpurei
1470 850 1605 884 coloris
1631 851 1692 884 sit.

161 913 266 948 Folia
293 923 429 957 pauca,
458 912 695 951 alternantia,
722 911 902 946 distantia
927 911 976 956 (si
1004 911 1149 956 apicem
1175 912 1298 956 ipsum
1332 912 1484 957 plantae
1518 910 1693 957 excipis),

159 974 276 1017 figura
304 973 625 1019 Helicemputrem
660 971 702 1006 L.
739 971 953 1016 aequantia.
1015 972 1174 1016 Propter
1206 972 1420 1014 minutiem,
1458 972 1622 1008 colorem
1656 977 1692 1007 et

159 1033 248 1068 folia
275 1033 420 1068 tumida
446 1043 531 1067 cum
559 1032 661 1066 nulla
689 1032 762 1066 alia
791 1031 941 1066 Radula
967 1032 1241 1067 confundenda.

508 1117 563 1148 19.
613 1115 832 1148 Raaufla
860 1115 1137 1158 lingulata
1163 1113 1355 1147 Gottsche.

255 1173 305 1208 R.
333 1174 430 1208 caule
456 1180 586 1220 repente
610 1173 761 1217 ήθίάιιῖο
788 1173 863 1206 Ζᾶνα-ε
889 1185 1035 1209 ramoso,
1048 1173 1153 1218 soliis
1168 1179 1312 1218 aviquste
1329 1171 1521 1207 imbricatis
1539 1173 1690 1218 oblonqis

157 1232 286 1267 obtusis
301 1233 535 1278 {meyer-rimis
554 1233 711 1277 maryine
738 1232 888 1266 ventrali
911 1232 1113 1266 rectiusculo
1130 1231 1203 1266 basi
1219 1244 1287 1266 non
1305 1233 1504 1266 decurrente
1519 1231 1691 1275 lebamus,

156 1292 267 1326 lobulo
311 1294 466 1338 culpi-esso
510 1291 650 1336 oblouyo
698 1291 944 1338 linyuaeformi
988 1293 1143 1337 marqine
1176 1293 1311 1326 interno
1348 1304 1368 1325 α
1405 1293 1514 1328 medio
1553 1294 1691 1336 adnata,

157 1358 293 1386 externo
319 1351 410 1386 cauli
428 1351 611 1398 parallelo,
639 1352 733 1398 apice
757 1352 904 1385 rotundo
930 1350 1046 1392 libero,
1061 1352 1193 1396 fructu
1221 1377 1228 1385 .
1258 1377 1267 1386 .

349 1411 478 1443 Radula
505 1413 665 1454 lingulam
696 1410 855 1445 Gottsche
879 1410 974 1446 Icon.
1003 1411 1135 1457 Hepat.
1163 1413 1280 1446 inedit.

255 1470 419 1506 Habitat
441 1470 477 1503 in
495 1470 593 1504 Java
615 1469 738 1504 insula
759 1471 796 1504 in
814 1470 1016 1505 Provincia
1033 1471 1261 1515 Buitenzorg
1287 1470 1450 1516 (Miquel
1471 1470 1508 1505 in
1529 1471 1689 1517 Hb.L.).

253 1530 483 1565 Lobulorum
503 1530 643 1571 forma,
678 1540 775 1575 quae
803 1530 1114 1565 Madothecarum
1141 1531 1377 1575 quarundam
1408 1542 1439 1565 e.
1466 1542 1499 1575 g.
1527 1531 1691 1565 Por-ellae

156 1590 318 1625 indolem
346 1590 479 1632 refert,
507 1601 591 1624 cum
620 1590 723 1624 nulla
750 1590 823 1624 alia
852 1590 1005 1624 Radula
1032 1590 1307 1625 confundenda.

510 1674 569 1705 20.
620 1672 845 1706 liudulfo
874 1672 1149 1717 aquilegia
1185 1671 1329 1715 Tayior.

255 1729 304 1763 R.
330 1731 426 1765 caule
452 1732 634 1777 cttespitoso
652 1739 833 1777 prostrato
859 1732 1077 1778 subpimmto,
1105 1732 1213 1765 ramis
1238 1731 1476 1777 cmnphmatis,
1491 1732 1596 1778 foliis
1622 1734 1688 1766 im—

157 1789 299 1825 bricatis
323 1791 556 1825 erectiusculis
583 1793 735 1826 ema-eris
760 1793 1004 1837 r'nteyerrz'mis‚
1033 1791 1104 1825 loho
1129 1793 1303 1837 superiore
1327 1791 1687 1826 obovato-rotundato

156 1851 312 1896 maryine
336 1862 490 1891 recurvo,
517 1850 787 1885 involucralibm
812 1852 964 1896 oblonffl's
990 1851 1275 1886 transversalibus
1300 1852 1455 1897 deflexis,
1488 1851 1689 1898 perianthio

155 1909 486 1955 elonyato-obconico
512 1922 698 1956 compresso
725 1917 886 1944 ινιιησαίο
911 1911 1144 1955 irzteyerrimo.

348 1971 619 2013 Jungermannia
647 1971 815 2013 aquilegia
858 1969 990 2015 Taylor
1024 1970 1117 2015 Hel).
1150 1957 1301 2004 anteiret.
1339 1970 1376 2002 in
1410 1970 1521 2004 Loncl.
1555 1970 1687 2004 ιῙοτιννι.

434 2017 478 2062 of
495 2016 631 2062 botany.
663 2020 766 2051 1844.
787 2029 826 2062 p.
854 2019 936 2052 291.
964 2029 998 2051 η.
1025 2020 1085 2052 54.
1130 2017 1290 2051 Gottsclze
1315 2017 1412 2050 Icon.
1442 2018 1535 2064 H‘P·
1564 2018 1686 2064 inedit.

351 2079 621 2121 Juugermanuia
650 2079 866 2120 complanata
893 2090 962 2109 var.
990 2079 1011 2117 β
1040 2077 1398 2122 Hook.Br1‘t.szy.
1426 2085 1449 2111 t.
1474 2079 1660 2125 81.f.l7.

254 2137 417 2171 Habitat
443 2137 480 2170 in
509 2136 649 2170 Insulis
677 2136 888 2178 Aucffland,
916 2136 1014 2170 unde
1042 2136 1165 2170 attulit
1193 2137 1259 2170 Dr.
1276 2137 1430 2171 Hooker
1446 2137 1529 2181 jun.
1580 2139 1688 2172 Haec

156 2198 304 2242 species
331 2197 501 2232 abundat
526 2196 562 2230 in
591 2196 798 2236 Hibernia,
835 2200 872 2229 et
897 2196 1105 2230 secundum
1132 2196 1175 2230 cl.
1204 2196 1462 2239 Lindenberg,
1501 2195 1613 2229 etiam
1648 2196 1685 2229 in

156 2253 333 2292 Helvetia
361 2256 518 2298 crescit3
542 2267 562 2290 e
590 2256 782 2300 Seljeland
810 2255 1002 2290 Islandiae
1030 2256 1192 2290 vidimus
1219 2257 1254 2290 in
1284 2256 1471 2290 Herbario
1498 2256 1686 2291 Vahliano

157 2317 242 2360 (leg.
272 2315 521 2359 Steenstrup).

253 2375 450 2418 caespites
487 2375 573 2415 lati,
626 2374 794 2418 depressi
812 2400 821 2413 ‚
863 2374 1176 2409 olivaceo—fusci.
1242 2375 1380 2410 Gaules
1422 2375 1681 2421 uni—quadri-

155 2432 373 2477 pollicares,
407 2434 660 2478 irregulariter
686 2434 854 2478 pinnati,
890 2435 1002 2469 ramis
1037 2435 1114 2469 fere
1151 2439 1252 2469 recto
1276 2435 1413 2478 angulo
1441 2434 1685 2469 abeuntibus.

155 2493 260 2527 Folia
281 2505 300 2528 e
329 2494 409 2528 basi
437 2498 598 2537 angusta
624 2504 803 2535 concava,
830 2494 955 2528 lobulo
982 2494 1146 2529 inferiori
1164 2495 1360 2536 tumidulo,
1388 2495 1452 2529 ubi
1470 2494 1684 2536 involvitur,

156 2554 262 2597 apice
289 2555 477 2596 angulato‚
504 2554 589 2589 lobo
616 2554 798 2599 superiori
827 2558 926 2588 arcte
954 2554 1146 2598 adpresso.

252 2612 285 2646 A
312 2612 408 2646 Rad.
436 2613 655 2659 complanata
688 2613 810 2647 differt
836 2618 982 2648 statura
1008 2615 1171 2655 minore,
1206 2613 1303 2648 soliis
1338 2612 1456 2656 magis
1490 2613 1682 2655 convexis,

155 2672 277 2707 colore
304 2673 616 2714 olivaceo-fusoQ
645 2674 770 2708 lobulo
796 2673 962 2708 inferiori
990 2685 1106 2718 prope
1133 2673 1298 2707 carinam
1324 2672 1508 2706 tumidulo
1534 2676 1571 2706 et
1598 2672 1682 2707 sinu

154 2730 396 2766 transversali
438 2737 566 2766 notato
612 2739 648 2767 et
699 2733 796 2767 foliis
835 2733 1127 2767 involucralibus
1167 2732 1336 2766 deflexis.
1401 2732 1683 2766 Inflorescentia

153 2792 324 2826 mascula
349 2791 387 2825 in
413 2791 591 2826 extremis
618 2793 790 2833 surculis,
818 2804 888 2826 nec
914 2792 950 2825 in
979 2792 1091 2826 ramis
1118 2793 1295 2826 brevibus
1322 2791 1483 2836 propriis
1508 2791 1682 2826 occurrit.

154 2850 289 2885 Lobuli
317 2851 438 2896 portio
469 2852 646 2895 angulata
672 2851 819 2886 brevior
854 2861 967 2895 quam
1005 2851 1044 2884 in
1072 2851 1218 2885 Radula
1244 2851 1471 2899 complanata.
1522 2852 1568 2886 In
1604 2850 1677 2884 Hi-

153 2908 286 2945 bernia
312 2911 461 2946 Radula
486 2911 660 2957 aquileqia
692 2912 775 2947 loca
799 2910 950 2945 madida
976 2911 1015 2945 in
1043 2910 1146 2945 saxis
1168 2912 1351 2955 praefert,
1383 2911 1471 2946 dum
1505 2911 1557 2947 R.
1587 2921 1679 2946 com-

147 2968 298 3017 planata
323 2971 518 3009 sicciorem
545 2972 812 3008 habitationem
846 2971 883 3006 in
912 2971 1086 3006 arborum
1112 2972 1250 3007 cortice
1277 2975 1389 3008 amat.
