1824 3252
731 191 948 234 Metzgeria.
1528 192 1597 223 501

639 301 951 355 Subtribus
993 305 1046 355 5.

574 412 1097 475 Metzgerieae.

197 512 255 553 N.
288 512 341 552 ab
376 512 429 553 E.
465 512 581 566 Hep.
622 513 732 553 Eur.
784 512 876 553 III.
912 527 961 566 p.
1004 512 1102 553 479.
1182 509 1268 551 IV.
1310 524 1360 564 p.
1408 507 1599 550 LXIII.

83 580 322 621 Endlicleer
357 580 465 620 Gen.
497 595 546 634 p.
580 580 707 621 1338.

135 695 138 698 Α
201 660 496 701 Fructificatio
526 661 714 701 feminea
735 666 779 701 et
795 661 1030 701 masculina
1048 674 1071 700 e
1093 659 1231 700 latere
1253 657 1435 698 ventrali
1455 661 1602 697 costae

85 743 323 783 emergens.
387 730 661 770 Involuerum
702 729 1019 784 monophyllum
1062 727 1600 768 ventricoso-concavum.

83 796 381 838 Periantliium
429 798 605 838 nullum.
677 798 882 852 Calyptra
932 795 1215 837 crassiuscula
1253 795 1360 845 (tori
1398 805 1603 847 processu

81 870 240 917 aucta).
311 866 499 920 Capsula
537 872 677 907 ovata.
758 865 954 905 Elateres
998 865 1201 918 unispiri,
1254 863 1298 902 in
1342 860 1604 902 valvularum

82 948 287 988 processu
320 934 531 974 terminali
564 934 738 974 residui.
800 934 995 973 Stamina.
1017 937 1163 973 costae
1184 929 1395 971 involucri
1426 927 1604 969 masculi

80 1003 244 1042 inserta
275 1008 317 1042 et
348 1003 390 1041 in
422 1002 613 1042 eiusdem
654 1001 819 1041 fornice
861 1001 1105 1047 recondita,
1147 1000 1346 1053 globosa,
1388 996 1603 1036 filamento

81 1070 285 1110 distincto
316 1071 528 1125 imposita.
590 1060 801 1111 Gemmae
840 1071 882 1109 in
926 1069 1093 1109 laciniis
1125 1067 1357 1107 attenuatis
1388 1064 1604 1105 frondium

77 1139 411 1193 agglomeratae.

197 1219 434 1274 Vegetatio
451 1217 666 1265 frondosa,
693 1218 880 1264 linearis,
904 1221 1083 1265 costam,
1103 1217 1245 1269 pinnis
1270 1215 1395 1269 apice
1408 1212 1603 1253 furcatis.

431 1332 640 1373 XLVII.
701 1330 1066 1388 Metzgeria
1096 1329 1245 1370 Raddi

76 1420 111 1452 in
139 1417 221 1450 Act.
249 1414 390 1448 Moden.
417 1413 574 1447 XVIII.
595 1425 636 1458 p.
658 1414 716 1445 45.
743 1410 819 1454 (etl.
835 1411 960 1456 ΗΘΜ-3]
984 1418 1016 1444 et
1038 1411 1085 1445 N.
1105 1410 1147 1443 ab
1167 1410 1215 1444 E.
1237 1421 1276 1455 p.
1303 1409 1388 1453 21.)
1415 1410 1543 1454 t.7.f.
1563 1415 1593 1446 1.

83 1478 129 1511 N.
155 1473 199 1508 ab
226 1474 271 1507 Ε.
297 1475 336 1507 in
364 1472 484 1507 Lindl.
513 1473 650 1506 Into-od.
677 1472 727 1505 ed.
755 1474 789 1504 2.
810 1483 849 1515 p.
874 1473 956 1503 414.
1010 1470 1103 1515 Hep.
1131 1470 1224 1503 Eur.
1253 1468 1327 1502 ΙΙΙ.
1350 1480 1388 1513 p.
1410 1471 1494 1504 481.
1532 1470 1605 1505 IV·

73 1550 112 1582 p.
139 1534 289 1568 LXIII.
322 1547 358 1567 n.
384 1535 443 1567 32.
501 1531 689 1565 Endliclter
716 1530 801 1562 Gen.
830 1542 867 1575 p.
898 1532 1001 1563 1338.
1033 1543 1068 1563 η.
1094 1532 1177 1563 472.
1252 1528 1446 1571 Montayne
1475 1528 1608 1574 Voyaye

80 1607 127 1628 au
153 1594 243 1626 Pale
267 1592 344 1626 Sud
370 1592 449 1636 Lp.
465 1594 548 1624 213.
601 1589 917 1623 Echinomitrium
946 1588 1061 1621 Corda
1075 1588 1112 1621 in
1127 1586 1338 1621 Sturm.Fl.
1365 1587 1417 1620 ΙΙ.
1443 1589 1536 1621 22et
1547 1591 1606 1621 23.

89 1659 113 1685 t.
141 1655 200 1685 22.
262 1652 309 1683 N.
336 1650 379 1683 ab
414 1650 461 1683 E.
498 1650 589 1695 Hep.
616 1649 709 1682 Eur.
737 1650 767 1682 I.
797 1662 836 1693 p.
867 1650 947 1681 103.
978 1660 1014 1682 η.
1040 1649 1098 1681 22.
1166 1645 1410 1688 Echinogyna
1439 1645 1606 1680 Dumort.

86 1710 176 1756 Syll.
201 1709 384 1753 Jungserm.
413 1721 451 1754 p.
479 1712 536 1742 83.
569 1720 605 1741 n.
632 1711 690 1741 22.
728 1714 753 1741 t.
781 1710 815 1741 2.
841 1707 881 1750 f.
909 1709 969 1741 22.
1028 1704 1327 1747 Gymnomitrion
1352 1717 1374 1736 a
1400 1703 1609 1747 Metzgeria

86 1768 273 1802 Eudlieher
300 1768 385 1800 Gen.
406 1778 445 1812 p.
472 1769 531 1800 45.
557 1765 622 1810 (ex¹
639 1768 780 1812 parte).
830 1766 852 1799 J
859 1763 1150 1808 ungermanniae
1177 1774 1299 1807 specc.
1326 1769 1433 1797 auc-tt.

180 1838 418 1871 Involucrum
452 1835 651 1869 femineum
687 1837 873 1876 ventrale,
909 1841 1037 1868 costae
1072 1835 1276 1874 insertum,
1313 1832 1606 1875 monophyllum,

86 1896 355 1936 ventricosum,
400 1895 642 1933 incumbens,
684 1894 833 1928 demum
868 1894 1099 1937 bipartitum.
1161 1892 1420 1925 Perianthium
1454 1891 1607 1925 nullum.

86 1955 233 1989 Pistilla
260 1965 393 1997 pauca,
413 1953 701 1996 subcylindrica‚
728 1956 913 1987 truncata.
968 1951 1148 1994 Calyptra
1174 1950 1422 1991 adscendens,
1447 1950 1609 1993 oblonga

85 2018 151 2048 aut
176 2013 453 2057 subcylindrica
477 2013 633 2053 obtusa,
661 2012 893 2046 subcarnosa
918 2011 977 2045 vel
1003 2010 1092 2044 setis
1119 2009 1250 2052 rigidis
1277 2007 1514 2049 subhirsuta,
1547 2008 1608 2041 vel

87 2072 218 2116 glabra
243 2077 280 2106 et
306 2072 449 2115 apicem
484 2082 614 2105 versus
641 2070 790 2114 pistillis
827 2070 1017 2104 sterilibus
1053 2078 1257 2111 conspersa
1289 2071 1327 2100 et
1361 2067 1408 2100 ad
1443 2066 1608 2110 speciem

85 2131 322 2165 muriculata.
375 2131 540 2174 Capsula
566 2130 771 2172 subm-ata,
796 2131 913 2173 firma,
940 2127 1208 2174 quadrivalvis.
1261 2128 1430 2161 Blateres
1456 2124 1492 2158 in
1521 2124 1604 2167 api-

87 2189 194 2223 cibus
229 2191 419 2224 valvarum
453 2189 706 2232 unguiculatis
740 2188 878 2223 residui
914 2186 1246 2228 comeso-erecti,
1280 2185 1448 2229 plerique
1483 2185 1604 2228 persi-

87 2252 240 2289 stentes,
267 2248 482 2291 monospiri,
508 2248 601 2281 fibra
623 2248 711 2282 lata.
763 2248 963 2282 Involuera
986 2245 1154 2280 mascula
1179 2245 1218 2278 in
1244 2243 1431 2277 distinctis
1457 2242 1607 2286 plantis,

88 2307 259 2340 femineis
286 2306 434 2347 similia,
462 2306 498 2339 in
525 2310 630 2340 costa
655 2307 788 2340 subtus
814 2307 1025 2340 alternatim
1054 2304 1228 2345 disticha,
1253 2301 1476 2343 ventricosa,
1503 2305 1607 2336 costa

87 2365 213 2399 media
245 2366 441 2400 instructa.
502 2365 689 2398 Antherae
716 2368 732 2398 l
752 2385 767 2391 -
785 2368 827 2406 3,
854 2368 982 2398 costae
1007 2362 1192 2397 involucri
1227 2360 1365 2404 singuli
1399 2359 1436 2393 in
1469 2359 1608 2403 pagina

89 2424 269 2468 superiori
298 2424 437 2458 inserta
464 2427 501 2457 et
526 2434 548 2456 a
574 2423 809 2457 concavitate
834 2422 1015 2457 involucri
1042 2421 1273 2461 reconditae,
1298 2419 1496 2462 globosae,
1519 2418 1603 2451 fila—

91 2487 215 2517 mento
249 2482 365 2516 brevi.
425 2483 604 2516 Geminae
643 2482 680 2514 in
719 2481 866 2515 laciniis
902 2480 1106 2515 attenuatis
1148 2478 1334 2513 frondium
1373 2476 1607 2510 diversarum

91 2546 329 2586 aggregatae,
355 2541 495 2581 ovales,
523 2541 737 2581 cellulosae,
765 2540 965 2574 coloratae.
1003 2540 1141 2574 Partus
1160 2538 1234 2572 vivi
1261 2535 1406 2571 foliacei
1432 2545 1452 2569 e
1477 2538 1606 2576 costae

93 2602 208 2635 latere
245 2601 403 2636 ventrali
444 2604 662 2640 nascentes,
710 2610 730 2632 e
771 2599 981 2633 foliolorum
1018 2596 1303 2633 involucralium
1342 2594 1606 2638 anamorphosi

90 2669 203 2701 saepe
225 2658 401 2700 orientes,
424 2659 482 2692 vel
499 2659 753 2702 persistenteS,
782 2658 838 2692 vel
853 2657 1002 2692 decidui
1028 2662 1066 2692 et
1086 2655 1318 2691 individuum
1340 2657 1604 2698 propagantes.

184 2731 306 2764 Frons
336 2730 390 2762 vel
418 2730 667 2773 procumbens
693 2733 731 2763 et
756 2732 871 2763 strata
898 2731 1064 2769 nectens,
1088 2730 1166 2762 tota
1191 2723 1404 2765 conformis,
1429 2722 1542 2766 plana
1568 2726 1606 2756 et

92 2787 228 2829 tenuis,
255 2787 595 2831 dichotomaffiect.
621 2788 674 2831 1),
701 2787 757 2821 vel
783 2787 955 2830 praedita
980 2785 1107 2820 rhachi
1136 2783 1229 2827 (sive
1255 2781 1471 2824 rhizomate)
1497 2793 1605 2817 com-

92 2847 195 2881 muni
232 2846 404 2880 crassiori
442 2845 562 2881 minus
600 2845 777 2880 distincte
813 2855 992 2886 nervosa,
1035 2855 1055 2878 e
1093 2842 1200 2877 cuius
1238 2840 1417 2875 lateribus
1454 2837 1604 2876 frondes

90 2905 268 2950 partiales
304 2905 488 2951 pinnatim
525 2909 562 2940 et
598 2915 711 2950 saepe
751 2904 922 2949 opposite
959 2903 1129 2940 oriuntur
1163 2900 1373 2945 tenuiores,
1418 2899 1602 2946 pinnatim
