1824 3252
751 162 996 198 Marchantia.
1557 168 1626 199 527

118 276 371 320 longi,glabri,
397 275 502 308 fusci.
554 273 820 319 Recepeaeulmn
844 277 867 317 (Β
895 276 957 309 vix
981 274 1237 318 magnitudine
1255 275 1405 310 seminis
1426 276 1626 316 brassicae,

117 346 345 375 convexum,
383 334 647 373 umbonatum,
684 333 730 366 ad
764 335 927 369 medium
964 344 1082 377 usque
1115 333 1297 368 sexfidum
1325 334 1439 368 radiis
1464 345 1530 368 sex
1557 335 1628 368 de—

116 395 235 436 tlexis,
263 393 447 438 plerisque
473 391 639 433 integris,
671 402 745 425 uno
772 393 934 427 alterove
963 392 1068 436 apice
1095 393 1346 435 emarginat03
1372 403 1484 436 supra
1512 392 1627 426 viride

116 459 173 488 est
201 451 476 496 receptaculum
504 449 716 493 frondisque
742 450 788 483 ad
816 452 934 485 instar
951 461 1138 493 porosum,
1166 451 1298 484 subtus
1318 461 1339 484 a
1360 457 1486 486 centro
1513 462 1628 495 usque

116 512 163 545 ad
198 512 358 545 medium
393 508 544 542 fimbriis
572 508 693 552 planis
728 508 976 552 piliforrnibus
1018 509 1215 552 purpureis
1250 509 1408 552 tegitur,
1445 509 1624 552 probabi-

116 570 199 604 liter
232 569 505 603 involucrorum
544 567 581 600 in
620 568 755 602 nostris
786 569 948 602 nondum
982 569 1213 602 evolutorum
1240 568 1417 611 vestigiis.
1470 568 1629 612 Reliqua

117 629 344 671 ignorantur.

431 724 464 754 7.
516 720 858 754 Marc-hautun
884 721 1097 764 diptera
1121 721 1174 755 M.
1202 724 1238 755 et
1267 720 1316 754 N.

212 793 266 826 M.
301 790 510 837 receptaculo
539 791 693 836 femineo
732 804 871 825 eom-exo
902 792 1122 837 quinquelobo
1160 791 1243 825 Iobis
1281 789 1409 825 duobus
1443 789 1630 823 maioribus

117 851 267 885 (nudibus
299 850 426 884 obtusis
458 851 593 883 demum
626 849 838 894 explanatis,
874 851 963 883 disco
994 850 1113 884 subtus
1145 849 1304 891 barbam,
1332 847 1525 894 pedzmculo
1558 848 1630 881 basi

115 912 265 955 squamis
290 909 512 947 involucrato,
528 907 662 952 fronde
686 909 1008 952 repando-erenum,
1042 908 1173 954 scyphis
1196 915 1316 952 aryute
1341 907 1569 943 denticulatis.

306 967 514 998 Mai-chauria
542 967 671 1009 diptera
705 966 821 1001 illunc.
848 968 885 1000 in
911 966 1044 1001 Annal.
1080 968 1134 1000 des
1157 979 1203 1001 sc.
1229 975 1304 1001 nat.
1337 970 1438 1002 1843.
1474 966 1630 1011 (Αἰϊίἰ.)

383 1037 421 1070 p.
448 1027 530 1058 243.
556 1036 591 1058 η.
622 1026 676 1058 ll.

210 1094 369 1129 Habitat
396 1095 431 1128 in
458 1095 620 1138 Japonia
648 1095 716 1138 (M.
746 1094 919 1128 Bussenil
947 1094 983 1128 in
1012 1094 1089 1128 Hb.
1117 1094 1200 1138 Μ.).

210 1166 325 1199 Frons
349 1164 547 1208 pollicaris,
576 1164 901 1209 sesquipollicaris,
929 1175 1040 1208 supra
1057 1165 1250 1199 confertim
1268 1165 1462 1208 papillosa,
1488 1165 1628 1207 viridis,

115 1227 247 1260 subtus
281 1235 467 1268 purpurea
504 1224 549 1257 ad
585 1228 724 1257 costam
759 1224 874 1256 deuse
908 1223 1116 1257 radiculosa
1150 1229 1186 1256 et
1213 1225 1417 1267 squamulis
1444 1224 1632 1268 adpressis

115 1284 261 1319 vestita.
313 1282 507 1316 Perluneuli
541 1282 756 1326 pollicares,
794 1281 873 1315 basi
907 1282 1095 1325 purpurei.
1150 1282 1373 1327 Receptacula·
1406 1283 1461 1325 (in
1498 1289 1624 1318 nostro

115 1342 272 1385 sterilis)
307 1341 382 1375 lobi
417 1346 491 1375 tres
523 1341 649 1385 parvi,
689 1340 912 1384 quandoque
939 1340 1276 1382 denticuliformes,
1313 1342 1386 1376 duo
1419 1343 1532 1386 duplo
1566 1342 1630 1376 tri-

114 1402 222 1445 plove
248 1401 428 1441 maiores,
455 1401 601 1440 ovales,
628 1399 771 1439 obtusi,
798 1399 908 1433 dorso
935 1399 1106 1434 convexi.
1160 1400 1370 1434 Masculina
1396 1401 1630 1443 receptacula

115 1461 242 1495 latent.
299 1459 428 1506 Scyplri
463 1458 677 1502 propagulis
711 1457 991 1491 lenticularibus
1030 1458 1117 1492 soeti
1154 1463 1194 1492 ut
1230 1459 1268 1493 in
1303 1460 1359 1493 M.
1391 1458 1627 1505 polymorplea,

117 1520 180 1553 sed
208 1519 373 1563 margine
399 1517 566 1560 argutius
593 1516 745 1551 dentati.

213 1589 320 1623 Obs.
372 1588 603 1622 ΠΙανεΙιαηιία
627 1587 797 1632 Japom'ca
820 1586 966 1620 Thunb.
994 1586 1102 1621 huius
1127 1588 1197 1622 loci
1225 1599 1298 1622 non
1324 1590 1390 1621 est.

376 1685 408 1716 8.
459 1680 802 1715 filare-'nautia
828 1682 1105 1715 lamellas-a
1133 1682 1232 1725 Hpe.
1259 1686 1296 1715 et
1322 1681 1368 1714 G.

214 1752 270 1786 M.
302 1751 522 1797 ‘receptaculis
547 1751 713 1795 femineis
747 1749 893 1784 stellatis
930 1752 1043 1785 radiis
1075 1750 1180 1797 (Il)
1215 1751 1396 1791 teretibzw,
1443 1750 1629 1784 involucris

117 1812 259 1846 dimidio
292 1810 502 1844 brevioribus
534 1809 703 1854 conti-quis
735 1810 892 1853 momine
926 1809 1062 1844 laciniis
1093 1810 1393 1844 viliam—dentatis
1413 1809 1628 1852 fimbriatis,

105 1871 238 1914 fronde
274 1868 596 1903 dz’ehocomo-lobata
621 1868 846 1902 erassiuscula
872 1868 1101 1902 canaliculata
1132 1869 1257 1903 areolis
1291 1870 1444 1907 obsoletis
1476 1874 1631 1917 mat-gline

116 1927 291 1961 erenulaca
314 1928 432 1961 subtus
455 1927 644 1973 squamulis
668 1927 803 1971 quamtis
828 1927 938 1971 m'ssris
962 1928 1194 1973 quadrifitriz’s
1219 1928 1404 1964 [amellosa.

215 1997 372 2031 Habitat
404 1998 440 2032 in
469 1997 686 2032 Columbiae
715 1997 875 2030 Paramo
909 1997 954 2031 de
988 1997 1229 2039 Mucuchies,
1264 1999 1328 2033 ubi
1362 2012 1384 2035 a
1416 2002 1461 2037 cl.
1490 2002 1624 2037 Moritz

118 2058 212 2091 lecta
239 2062 295 2091 est
321 2057 411 2101 (Hb.
440 2057 532 2099 Reg.
562 2056 725 2090 Berolin.
752 2066 788 2090 n.
813 2056 888 2100 45).

213 2117 327 2150 Frons
351 2116 601 2159 4-pollicaris
627 2119 664 2149 et
688 2115 803 2155 ultra,
830 2115 852 2157 ἦ
878 2114 965 2157 poll.
992 2115 1087 2156 lata,
1116 2114 1326 2149 dichotome
1352 2116 1498 2160 lobata,
1526 2129 1625 2153 mar-

118 2176 201 2218 gine
229 2176 394 2209 brunneo
426 2173 863 2214 undulato-crenulata,
897 2184 1011 2216 supra
1044 2183 1064 2206 e
1100 2172 1208 2207 viridi
1243 2173 1479 2219 fuscescens,
1514 2178 1629 2212 dense

118 2245 253 2277 porosa
285 2234 349 2267 sed
387 2233 521 2267 areolis
555 2232 752 2274 obsoletis;
799 2232 931 2266 subtus
969 2231 1191 2265 densissime
1227 2232 1561 2269 rufo-radiculosa
1592 2239 1630 2269 et

118 2297 299 2336 quaterna
325 2301 561 2335 squamarum
588 2291 683 2325 serie
708 2296 781 2325 tam
809 2296 909 2325 arcte
936 2301 1150 2334 conspersa,
1176 2295 1218 2324 ut
1232 2291 1421 2326 lamellosa
1436 2298 1628 2337 appareat.

119 2351 308 2396 Squamae,
335 2360 431 2394 quae
458 2350 495 2383 in
524 2350 579 2383 M.
600 2349 827 2396 polymoiplea
853 2354 890 2383 et
908 2349 1045 2395 plicata
1070 2350 1186 2384 multo
1212 2349 1372 2384 minores
1399 2355 1496 2393 sunt,
1522 2355 1570 2393 et,
1597 2352 1628 2386 si

119 2409 343 2453 marginales
370 2407 534 2452 excipiS‚
567 2409 687 2441 minus
713 2408 905 2442 evidenter
939 2408 1219 2452 conspiciuntur
1245 2408 1481 2454 speciemque
1508 2421 1626 2444 venu-

120 2469 236 2502 losam
263 2467 386 2512 potius
413 2466 534 2500 frondi
561 2467 761 2510 praebent,
786 2466 824 2500 iu
852 2470 978 2501 nostra
1004 2467 1132 2510 planta
1155 2478 1332 2510 magnae,
1358 2470 1381 2500 2
1407 2467 1471 2500 lin.
1496 2467 1629 2511 longae

120 2532 156 2561 et
190 2527 417 2561 semilineam
456 2527 573 2567 latae,
622 2524 772 2567 nigrae,
815 2536 943 2559 versus
985 2526 1126 2559 frondis
1173 2525 1376 2568 marginem
1410 2526 1448 2559 in
1484 2526 1627 2560 discum

119 2586 356 2620 semiovalem
389 2584 825 2628 hyalino-marginatum
858 2584 1035 2617 dilatatae
1072 2590 1169 2618 sunt.
1230 2584 1473 2618 Inveniuntur
1498 2585 1627 2619 harum

121 2643 398 2687 squamularum
432 2654 453 2676 a
479 2643 607 2676 carina
635 2642 756 2676 media
790 2653 907 2687 usque
942 2643 987 2676 ad
1027 2643 1230 2686 marginem
1264 2647 1337 2676 tres
1378 2644 1436 2677 vel
1469 2648 1628 2688 quatuor

122 2701 235 2735 series
286 2702 530 2742 alternantes,
580 2702 729 2746 oblique
778 2705 897 2734 tractu
940 2702 1107 2735 frondem
1152 2704 1427 2745 percurrentem
1475 2701 1628 2735 ultimae

120 2769 296 2802 squamae
349 2761 450 2793 totae
500 2760 673 2803 hyalinae
731 2765 768 2794 ct
816 2770 837 2793 e
886 2770 987 2794 more
1041 2761 1319 2806 squamularum
1367 2760 1626 2804 marginalium

121 2819 450 2859 ovato-rotundae,
476 2820 660 2854 scariosae
685 2824 722 2855 et
743 2820 976 2853 subreflexae
1001 2824 1099 2854 sunt.
1151 2818 1418 2864 Receptaculum
1430 2817 1627 2862 femineum

122 2878 315 2920 magnum,
352 2877 531 2913 diametro
564 2882 586 2913 6
613 2879 675 2914 lin.
704 2879 858 2913 metiens
894 2882 931 2913 et
958 2878 1069 2912 radiis
1099 2881 1160 2921 lt,
1196 2888 1351 2922 quorum
1383 2877 1560 2922 quisque,
1594 2878 1626 2912 si
