1824 3252
890 189 947 217 lx

154 304 418 366 praebere,
470 319 526 348 ea
572 318 711 358 vero,
769 320 902 366 quae
951 312 1155 367 tempus
1199 305 1294 352 sibi
1340 307 1672 369 praefinitum

151 405 242 445 aut
278 402 618 460 praecurrunt
653 402 744 441 aut
781 397 1225 459 praetermittunt,
1275 399 1351 445 vel
1388 399 1427 445 si
1466 400 1675 448 meliora

151 491 254 537 illis
291 489 610 552 rectior-aque
647 506 738 551 per
774 506 823 535 se
860 490 1070 553 quidem
1110 491 1387 538 iudicanda
1421 491 1548 547 sint,
1592 494 1675 539 de-

152 584 297 632 flexis
333 584 398 631 ad
433 584 535 630 alia
571 582 836 630 hominum
883 585 1066 631 animis
1109 585 1281 632 locum
1329 585 1383 633 in
1424 586 1532 633 vita
1575 588 1673 634 sibi

149 687 300 727 antea
386 686 628 742 paratum
697 687 856 742 atque
925 679 1126 726 aditum
1193 687 1389 726 certum
1465 696 1671 742 perraro

149 773 392 829 invenire,
432 773 610 819 saltem
639 788 740 818 non
768 772 875 818 sine
899 771 1209 819 difficultate
1235 772 1331 819 sibi
1358 772 1672 819 revindicare

147 883 293 930 posse
330 872 547 911 constat.
618 864 772 914 Quod
816 881 1012 910 mecum
1058 865 1352 927 reputando
1395 867 1670 914 collectoris

148 976 337 1006 munus
366 966 676 1020 tenuemque
701 957 971 1019 gloriolam
1001 959 1198 1022 coeptis
1227 959 1504 1007 maioribus
1531 977 1671 1023 prae-

148 1053 276 1099 ferre
315 1051 582 1114 missisque
619 1049 947 1114 perfectionis
983 1052 1180 1099 altioris
1209 1053 1435 1116 propriis
1473 1053 1668 1100 viribus

146 1146 500 1210 singularique
544 1142 798 1190 industria
844 1146 1198 1206 provocandae
1251 1145 1495 1194 laudibus
1545 1165 1668 1195 com-

135 1242 310 1306 pendii
345 1241 619 1292 commoda,
667 1255 829 1285 rerum
874 1240 1010 1286 leand
1051 1240 1285 1287 mediocri
1329 1243 1470 1304 copia
1499 1244 1666 1306 plena,

143 1336 195 1381 in
241 1331 509 1380 scribendo
559 1331 704 1395 sequi
752 1348 950 1379 mecum
1007 1333 1182 1379 statui.
1265 1333 1443 1397 Neque
1495 1342 1666 1382 tamen

143 1429 397 1478 abstinere
426 1428 493 1474 ab
523 1425 661 1473 omni
688 1426 901 1489 proprio
927 1427 1103 1474 labore
1131 1428 1185 1474 in
1213 1428 1386 1475 animo
1418 1436 1542 1485 erat,
1579 1430 1664 1477 sed

142 1522 507 1571 tantummodo
551 1521 617 1568 ab
659 1519 844 1567 iterato
890 1521 1121 1567 examine
1167 1521 1452 1584 specierum
1502 1522 1663 1569 omni-

143 1635 245 1671 um,
289 1633 421 1680 quae
459 1614 658 1679 pridem
696 1615 761 1661 ab
797 1614 911 1660 aliis
947 1623 1111 1661 essent
1147 1623 1238 1661 aut
1273 1617 1538 1663 absolutae
1572 1625 1662 1663 aut

139 1710 318 1756 saltem
345 1709 634 1763 adnotatae,
671 1724 837 1770 neque
873 1707 1052 1753 sectari
1083 1724 1236 1754 novas
1273 1725 1446 1755 omnes
1481 1717 1571 1756 aut
1609 1710 1661 1756 in

138 1801 384 1849 herbariis
417 1800 587 1848 adhuc
623 1800 839 1846 latentes
883 1807 975 1847 aut
1018 1801 1172 1847 etiam
1216 1801 1498 1849 amicorum
1540 1821 1662 1850 cura

136 1896 213 1941 vel
251 1897 304 1942 in
341 1895 516 1941 eodem
555 1893 803 1956 temporis
846 1901 1106 1940 momento
1151 1911 1176 1940 e
1221 1895 1332 1942 loco
1374 1896 1533 1943 natali
1576 1914 1662 1943 au-

135 1988 366 2035 ferendas
402 1986 634 2050 mihique
672 1986 1120 2044 transmittendas;
1174 2007 1348 2037 verum
1388 2008 1521 2054 quae
1558 1991 1658 2038 iam

134 2089 284 2129 antea
319 2098 348 2128 a
384 2098 462 2127 me
498 2080 736 2128 amicisve
781 2081 906 2128 meis
949 2091 1186 2130 accurate
1238 2085 1558 2132 examinatae
1604 2086 1656 2132 in

136 2181 345 2237 promtu
383 2180 552 2230 erant,
602 2191 684 2222 eas
719 2182 928 2223 cunctas
972 2184 1023 2223 et
1065 2176 1116 2224 in
1164 2194 1368 2224 censum
1405 2195 1496 2224 suo
1545 2179 1658 2225 loco

134 2284 311 2315 vocare
335 2275 385 2314 et
410 2267 750 2331 amplioribus
778 2268 1037 2316 illustrare
1056 2270 1495 2334 descriptionibus
1519 2271 1657 2319 haud

131 2361 353 2408 alienum
391 2379 421 2408 a
454 2368 626 2409 nostro
663 2363 932 2426 proposito
968 2363 1238 2411 ducebam.

262 2483 528 2530 Praeterea
564 2490 734 2529 autem
774 2500 1022 2531 novorum
1070 2503 1313 2549 generum
1352 2486 1404 2533 in
1442 2488 1536 2535 hac
1581 2487 1652 2534 fa-

133 2575 274 2623 milia
302 2575 723 2623 instruendorum
750 2576 1104 2635 fundamenta‚
1142 2597 1274 2644 quae
1298 2580 1498 2628 dudum
1529 2580 1653 2627 mihi

132 2684 280 2714 curae
316 2668 482 2726 fuere,
527 2669 580 2716 in
628 2671 722 2717 hoc
766 2688 918 2734 opere
961 2673 1283 2721 eruditorum
1320 2673 1543 2721 examini
1581 2671 1653 2718 di-

131 2763 407 2824 sceptanda
441 2771 491 2809 et
528 2765 827 2827 corrigenda
857 2766 1105 2814 subiicere
1132 2785 1207 2815 res
1242 2767 1354 2831 ipsa
1389 2766 1650 2819 suadebat,
