1824 3252
581 201 734 244 Blyttia.
786 200 1085 244 Symphyogyna.
1520 204 1589 235 479

169 315 212 347 In
240 312 336 354 sinu,
368 312 498 356 Dusky
528 313 609 356 Bay
636 313 748 351 dicto,
780 314 907 348 Novae
929 312 1355 352 Zeclandiae(Menzies
1370 318 1406 348 et
1421 313 1587 357 Hk.jr.);

74 374 109 406 in
129 373 213 406 Van
236 371 498 406 Diemensland
521 371 680 415 (Gunn).
734 373 775 405 In
798 373 909 406 Minis
929 372 1174 406 Generalibus
1193 371 1374 405 Brasiliae
1401 371 1447 404 ad
1474 371 1587 414 ligna,

73 430 268 474 putredine
296 430 459 464 emollita
484 429 663 473 (Martius
689 430 726 464 in
750 431 825 464 Hb.
858 431 940 473 N.);
967 432 1004 465 in
1034 431 1170 466 Insulis
1197 431 1392 465 Auckland
1419 431 1590 474 (Hooker

68 491 148 534 jun.
180 490 216 523 in
245 490 320 523 Hb.
349 491 521 534 Taylor);
555 490 591 523 in
621 490 846 533 Guadalupa
874 493 910 523 et
935 490 1107 523 Jamaica
1135 491 1225 533 (Hb.
1256 490 1359 534 ΗΚ).

174 559 337 593 Habitus
381 560 579 602 singularis
614 570 635 593 a
672 560 957 595 fructificatione
998 561 1135 604 pendet
1178 565 1354 605 tanquam
1400 572 1419 595 e
1451 559 1589 604 petiolo

75 619 277 657 frondium,
318 620 380 653 ubi
423 619 482 652 hic
522 620 557 652 in
596 619 770 653 laminam
814 620 1060 664 expanditur,
1112 620 1265 654 oriente.
1320 620 1479 664 Reliqua
1505 630 1588 653 cum

74 689 206 721 genere
233 677 380 712 omnino
407 682 626 721 congruunt.
682 678 847 712 Frondes
875 683 894 720 ᾗ
914 700 928 705 -
952 682 965 712 l
995 679 1082 723 poll.
1111 680 1255 723 longae,
1283 680 1430 723 planae,
1458 678 1585 712 solita-

75 740 163 778 riae,
194 738 350 771 subinde
372 742 408 771 et
430 737 528 770 duae
556 737 612 770 vel
640 739 715 770 tres
750 737 786 770 in
814 737 942 772 eodem
970 739 1107 782 petiolo
1144 739 1328 773 communi
1359 738 1588 772 subsessiles.

598 941 971 994 Subtribus
1012 945 1065 994 3.

492 1051 1164 1115 naplolaeneae.

189 1140 246 1180 N.
279 1140 331 1179 ab
364 1139 417 1178 E.
459 1140 504 1180 in
536 1140 683 1181 Lindl.
716 1141 888 1181 Introd.
922 1141 986 1182 ed.
1019 1141 1060 1181 2.
1088 1156 1136 1195 J).
1168 1140 1267 1180 414.
1305 1142 1385 1194 (eas
1408 1145 1590 1197 parte.)

76 1211 187 1264 Hep.
224 1209 332 1248 Eur.
375 1207 467 1248 III.
493 1223 542 1263 p.
572 1209 672 1250 355.
721 1208 806 1249 IV.
831 1224 880 1263 p.
916 1208 1050 1249 LXI.
1115 1209 1352 1249 Encllz‘clzer
1389 1210 1495 1250 Gen.
1539 1226 1587 1264 p.

74 1277 199 1318 1339.
264 1276 463 1317 Blasieae
502 1278 707 1318 Dumort.
749 1283 789 1317 et
833 1277 1183 1332 Scopolz'nearum
1219 1293 1351 1333 glenus
1384 1279 1588 1320 Dumort.

73 1346 437 1401 Janyermanniae
467 1360 601 1400 specc.
633 1352 766 1386 auctt.

190 1438 464 1478 Involucrum
506 1439 821 1493 monophyllum
863 1440 1014 1487 breve,
1058 1444 1131 1478 aut
1163 1438 1343 1488 nullum,
1387 1439 1586 1484 lacerum,

75 1507 239 1547 dorsale
262 1506 555 1560 infraapicale.
600 1507 895 1548 Periantbium
916 1507 1091 1547 nullum.
1141 1506 1330 1561 Capsula
1349 1506 1587 1561 sphaerica,

74 1575 252 1615 elateres
275 1576 388 1615 circa
411 1575 587 1615 fundum
610 1577 812 1630 capsulae
835 1577 1093 1631 conglobati,
1121 1576 1307 1616 decidui.
1370 1576 1589 1616 Antherae

75 1644 261 1683 dorsales
290 1644 428 1683 frondi
452 1644 618 1684 mediae
650 1645 716 1685 vel
749 1647 973 1697 impositae
1007 1644 1070 1684 vel
1104 1645 1343 1692 immersae,
1373 1644 1588 1684 filamento

77 1712 141 1751 vel
174 1713 291 1752 brevi
326 1712 391 1752 vel
425 1727 474 1752 eo
508 1719 717 1754 carentes.
782 1714 906 1754 Folia
937 1713 1220 1768 perigonialia
1263 1713 1327 1753 vel
1368 1713 1590 1753 imbricata

75 1787 118 1820 et
148 1781 296 1828 incisa,
333 1781 397 1821 vel
432 1781 559 1822 nulla.
622 1782 870 1836 Propagula
914 1783 1108 1822 diversae
1147 1786 1323 1821 naturae
1362 1781 1587 1821 accedunt.

75 1849 311 1904 Vegetatio
344 1850 568 1898 frondosa,
611 1851 877 1899 dicbotoma,
926 1851 991 1891 vel
1031 1850 1253 1890 evidenter
1294 1855 1482 1897 costata,
1525 1848 1588 1888 vel

75 1919 218 1972 spurie
250 1924 427 1965 costata,
463 1924 582 1960 costa
614 1920 705 1960 scil.
739 1920 780 1959 in
815 1920 985 1959 limbum
1019 1919 1167 1958 effusa.

323 2033 512 2075 XLIII.
575 2032 1073 2091 Symphyogyna
1109 2032 1172 2073 M.
1207 2039 1250 2073 et
1282 2033 1340 2074 N.

73 2114 107 2146 in
134 2113 232 2146 Anu.
261 2115 318 2147 «les
341 2126 386 2148 sc.
412 2122 486 2148 nat.
514 2118 548 2148 2.
574 2115 661 2148 sbrie
686 2115 731 2148 V.
760 2114 882 2157 (1836)
905 2126 941 2159 p.
964 2116 1022 2146 66.
1050 2119 1081 2146 et
1109 2115 1145 2146 in
1171 2112 1290 2146 Lincll.
1318 2113 1453 2146 Introd.
1479 2114 1527 2146 ed.
1555 2116 1588 2146 2.

70 2185 104 2216 p.
131 2176 213 2206 452.
270 2173 350 2219 Voy.
376 2174 460 2207 dans
485 2173 634 2208 Z'Ame'r.
662 2174 783 2206 mericl.
802 2185 872 2218 par
897 2171 1093 2217 (I'Orbiywy
1114 2171 1198 2205 Boc.
1221 2174 1331 2216 p.61.
1388 2172 1520 2217 Voyaye
1543 2183 1589 2204 au

79 2231 163 2264 Pale
188 2231 274 2265 Sud.
303 2232 332 2264 Ι.
355 2244 393 2276 p.
419 2235 501 2266 216.
558 2232 747 2266 Endliclzer
774 2232 862 2266 Gen.
883 2244 922 2277 p.
953 2234 1055 2264 1339.
1082 2243 1115 2264 η.
1142 2229 1264 2275 47⁶2s4.

173 2313 426 2346 Periantliium
454 2303 606 2348 nullum.
658 2315 894 2349 Involucrum
924 2313 1506 2357 monopliyllum,squamiforme,
1525 2313 1584 2346 in·-

73 2373 263 2413 cumbens,
290 2373 493 2407 dentatum.
545 2374 722 2417 Calyptra
750 2374 878 2414 laevis,
907 2377 1070 2413 exserta,
1099 2372 1281 2412 coriacea‚
1310 2370 1415 2415 apice
1440 2369 1588 2413 pistillis

72 2432 260 2465 sterilibus
287 2432 571 2475 persistentibus
598 2433 794 2467 fimbriata.
839 2432 1002 2475 Capsula
1017 2431 1283 2476 quadrivalvis,
1302 2430 1417 2464 valvis
1431 2434 1589 2474 quatuor

73 2502 184 2535 saepe
211 2491 316 2535 apice
343 2492 629 2526 cohaerentibus
665 2491 765 2525 rimis
798 2496 958 2535 quatuor
992 2491 1209 2524 lateralibus
1237 2490 1443 2529 dehiscens.
1496 2489 1583 2522 Ela-

72 2553 169 2582 teres
216 2549 367 2593 bispiri,
414 2552 514 2585 fibris
561 2552 682 2595 planis
725 2555 824 2584 arcte
875 2549 1134 2594 contrarieque
1173 2549 1352 2583 contortis
1400 2548 1586 2583 coloratis.

75 2607 226 2641 Semina
253 2609 419 2651 globosa.

170 2679 419 2714 Fructificatio
455 2681 614 2714 feminea
648 2685 790 2714 xantum
826 2680 1017 2714 involucro
1044 2680 1226 2719 munitur,
1262 2678 1360 2722 quod
1395 2686 1586 2720 squamam

74 2738 287 2781 rigidulam,
323 2740 422 2773 varie
459 2741 605 2777 fissam,
643 2739 820 2783 genitalia
856 2743 1061 2780 tegentem,
1098 2750 1116 2771 e
1151 2742 1254 2771 costa
1289 2736 1429 2770 frondis
1456 2739 1586 2774 ortam,

73 2797 220 2839 planam
262 2803 326 2830 aut
364 2799 672 2832 subconvolntam
711 2798 819 2832 sistit.
891 2798 1035 2831 Pistilla
1070 2798 1184 2831 multa
1220 2796 1255 2829 in
1299 2799 1379 2830 toro
1418 2805 1586 2834 carnoso,

73 2856 109 2888 in
145 2855 252 2889 cuius
293 2861 459 2890 centrum
495 2857 672 2901 deinceps
705 2858 870 2892 ovarium
907 2857 1033 2900 pistilli
1061 2857 1190 2891 fertilis
1217 2853 1410 2889 descendit
1435 2853 1584 2886 immer-

75 2925 229 2958 sumque
257 2914 356 2948 latet.
