1824 3252
189 202 262 235 700
833 195 1087 241 Lophocolea.

288 312 486 358 Caespites
512 310 784 352 horizontales,
818 309 1009 354 adpressi‚
1042 308 1183 354 pallide
1218 309 1377 345 brunnei
1412 321 1448 346 v.
1484 313 1574 355 rufi,
1607 311 1729 347 rarius

189 373 431 409 virescentes.
484 371 611 406 Caules
646 370 710 405 vix
749 369 969 415 pollicares,
1006 381 1101 414 vage
1139 370 1288 405 ramosi.
1347 371 1452 407 Folia
1485 372 1560 407 late
1593 376 1727 407 ovato·

190 435 365 478 oblonga,
393 436 528 467 exacte
554 431 741 476 opposita,
768 430 1051 465 horizontaliter
1077 429 1257 474 patentia,
1285 430 1403 466 forma
1429 432 1574 476 apicem
1599 444 1731 468 versus

191 495 308 535 varia,
337 493 556 537 plerumque
571 494 746 526 truncata
766 490 825 525 vel
841 491 916 525 late
934 489 1180 534 emarginata,
1208 490 1295 525 laxe
1311 491 1504 534 cellulosa,
1529 493 1731 536 pellucida,

191 554 385 600 superiora
412 553 600 587 interdum
627 551 802 597 utrinque
829 561 914 585 cum
940 550 1220 595 amphigastriis
1234 555 1408 586 connata.
1461 552 1735 600 Ampltiyastria

189 614 308 656 varia,
335 614 567 657 subintegra‚
601 611 834 655 marginibus
861 610 1115 655 irregulariter
1142 610 1330 653 dentatis,
1358 612 1510 656 saepius
1536 613 1610 648 late
1635 625 1731 659 qua-

192 675 323 717 drata,
357 674 568 720 quadrifida
597 674 655 707 vel
683 672 818 713 bifida,
852 670 1056 715 segmentis
1085 669 1165 704 basi
1195 675 1306 705 extus
1332 671 1577 715 unidentatis,
1611 673 1733 708 rarius

190 734 481 780 quadripartita,
510 733 657 768 laciniis
684 732 901 767 divaricatis
927 731 1333 775 elongato—subulatis.

289 795 399 829 Haec
426 795 556 839 planta
582 798 659 828 tam
687 792 815 827 multis
843 792 942 827 notis
972 792 1118 827 accedit
1151 793 1199 827 ad
1232 793 1344 840 Loplz.
1370 794 1658 841 heteo·0phyllanz‚
1692 799 1736 830 ut

191 854 410 890 dubitantes
447 853 726 900 quodammodo
760 865 828 898 pro
862 853 988 897 specie
1027 854 1126 887 bona
1165 853 1422 896 declaremus;
1469 855 1573 890 hisce
1607 860 1733 891 tamen

191 915 475 951 characteribus
509 915 545 949 in
585 914 809 959 separanda·
837 913 962 958 specie
997 912 1201 958 praecipue
1236 915 1294 949 usi
1327 926 1478 951 sumus:
1524 915 1614 950 solia
1647 920 1736 951 sunt

191 976 433 1017 rotundiora,
470 986 633 1019 superne
667 974 885 1019 gibbosiora
918 977 956 1008 et
981 985 1113 1009 versus
1140 974 1284 1018 apicem
1313 976 1550 1020 angustiora,
1590 978 1735 1013 cellulis

191 1035 418 1078 maioribus;
448 1036 719 1081 amphigastria
746 1035 836 1076 lata,
865 1045 1060 1079 nunquam
1087 1038 1214 1077 ovata,
1243 1035 1357 1069 etiam
1383 1036 1732 1081 perianthiumlon-

191 1097 299 1141 gius,
338 1096 445 1131 cuius
480 1096 581 1131 labia
608 1095 843 1141 frequentius
869 1099 906 1130 et
932 1095 1116 1140 profunde
1144 1095 1319 1138 dentata,
1354 1107 1466 1141 quem
1501 1097 1549 1132 ad
1583 1099 1735 1133 modum

191 1157 229 1191 in
257 1157 356 1192 foliis
383 1156 692 1192 involucralibus.
745 1155 923 1201 (Hooker
950 1155 973 1192 l.
1002 1156 1051 1200 c.)

193 1264 231 1297 p.
264 1254 345 1287 168.
494 1254 542 1285 35
559 1251 592 1284 b.
632 1249 966 1294 Lophocolea
990 1249 1268 1285 reclinans
1293 1250 1443 1294 Taylor.

292 1324 337 1358 L.
374 1323 470 1358 caule
512 1322 658 1369 impleoeo
697 1328 880 1368 prostrato
917 1320 1135 1363 subramosO,
1173 1321 1271 1366 foliis
1310 1321 1503 1357 imbricatis
1532 1322 1738 1370 patentibus

192 1384 346 1419 siccitate
373 1383 568 1430 eaplanatis
595 1384 735 1417 madore
759 1382 934 1423 secundis,
969 1394 1009 1415 ex
1040 1381 1114 1415 lata
1140 1380 1214 1415 basi
1239 1381 1615 1428 oblonyo-rotzmdatis
1646 1384 1736 1418 inte-

188 1445 354 1490 yerrimis
388 1445 484 1491 apice
518 1442 724 1485 suhbilohis,
769 1442 1036 1489 amplulqastriis
1076 1443 1350 1488 quadripartitis
1383 1444 1564 1488 segmentis
1599 1444 1738 1478 setacez's

195 1505 325 1541 (luobus
348 1505 470 1539 mediis
493 1503 671 1548 elonyatis.

388 1568 661 1610 Jungermaunia
691 1565 861 1596 reclinans
898 1563 1033 1610 Taylor
1060 1563 1151 1610 Hep.
1178 1565 1362 1598 antarctic.
1395 1564 1432 1598 in
1458 1563 1571 1598 Lond.
1607 1563 1736 1599 Journ.

477 1624 521 1670 of
540 1624 607 1659 bot,
637 1627 742 1658 1844.
764 1637 803 1671 p.
832 1627 915 1660 470.
942 1637 976 1658 η.
1004 1628 1064 1659 37.

294 1695 457 1731 Habitat
483 1696 520 1730 in
550 1695 689 1730 Insulis
718 1696 975 1730 Falklandicis
1004 1696 1183 1739 (Hooker
1203 1696 1318 1741 jun.).

294 1756 467 1803 Caespites
493 1756 696 1790 laxiusculi
724 1756 760 1789 in
789 1755 872 1790 aliis
900 1757 1040 1790 muscis
1071 1757 1304 1801 hepaticisve
1336 1758 1570 1798 crescentes,
1598 1754 1738 1800 pallide

195 1816 367 1852 olivacei.
431 1816 555 1851 Caedes
589 1816 788 1861 prostrati,
824 1816 888 1850 vix
923 1816 1241 1861 semipollicares‚
1280 1826 1394 1860 parce
1429 1815 1581 1850 ramosi.
1632 1815 1738 1850 Folia

195 1877 365 1921 margine
393 1877 580 1912 anteriore
608 1876 781 1921 gibbosa,
810 1876 882 1911 leni
910 1876 1077 1910 incisura
1101 1876 1219 1921 apicis
1235 1876 1396 1910 subinde
1411 1875 1562 1918 triloba,
1585 1875 1739 1919 saepius

196 1938 324 1972 biloba
366 1937 461 1972 lobis
495 1948 628 1981 parum
663 1936 965 1980 prominentibus
1000 1936 1229 1982 quandoque
1261 1937 1406 1982 absque
1440 1936 1541 1972 omni
1568 1937 1738 1971 loborum

194 1997 367 2040 vestigio.
435 1997 707 2042 Amphiyastria
746 2007 765 2029 e
804 1996 887 2029 basi
924 2007 1042 2039 parva
1076 1997 1264 2041 quadrata
1300 1996 1497 2040 bipartita,
1543 2000 1738 2040 segmento

196 2067 346 2102 quoque
374 2061 586 2090 extrorsum
614 2055 790 2089 laciniam
819 2055 1027 2090 breviorem
1055 2060 1275 2098 exserente3
1303 2066 1400 2101 quae
1415 2059 1553 2090 cuncta
1573 2046 1737 2096 setacea,

197 2118 397 2152 articulata
423 2116 668 2161 incurvaque.

294 2176 451 2222 Species
485 2176 580 2210 haec
615 2179 766 2210 nostrae
794 2174 1025 2221 Lophocoleae
1048 2174 1308 2222 muldpennae,
1348 2186 1394 2210 ex
1433 2174 1566 2209 insulis
1602 2174 1734 2208 Auck-

195 2237 313 2272 laudii
342 2237 505 2277 adlatae,
533 2235 722 2281 peraffinis
749 2240 829 2276 est;
861 2235 899 2269 in
934 2235 1003 2270 hae
1039 2240 1165 2270 autem
1192 2235 1351 2270 cellulae
1377 2235 1550 2269 foliorum
1576 2233 1739 2269 minores

196 2302 304 2340 sunt,
342 2308 471 2341 margo
507 2296 673 2331 anterior
707 2295 923 2330 eorumdem
958 2296 1082 2330 minus
1109 2295 1296 2340 prominet
1320 2299 1358 2330 et
1385 2294 1738 2340 amphigastriorum

195 2363 392 2403 segmenta
425 2367 614 2402 nusquam
648 2357 789 2391 reflexa
824 2360 932 2398 sunt,
971 2356 1036 2390 sed
1069 2366 1138 2400 par
1172 2355 1438 2390 intermedium
1473 2365 1602 2389 eorum
1627 2354 1737 2397 longe

195 2419 394 2462 angustius
420 2421 478 2452 est
505 2421 618 2462 atque
643 2416 853 2451 incurvum.
904 2415 1059 2460 (Taylor
1086 2416 1109 2450 l.
1137 2416 1189 2460 c.)

195 2514 232 2547 p.
262 2505 344 2537 168.
432 2504 481 2536 35
495 2512 528 2535 c.
568 2500 907 2546 Lophocolea
928 2499 1238 2546 physantha
1266 2498 1422 2533 Hooker
1434 2497 1517 2542 jun.
1533 2500 1569 2531 et
1583 2496 1689 2540 Tayl.

292 2563 337 2596 L.
375 2561 472 2596 caule
510 2560 656 2608 implexo
693 2559 942 2608 procumbente
980 2572 1136 2601 ramoso,
1166 2559 1274 2606 foliis
1310 2557 1506 2592 imbricatis
1536 2555 1739 2604 patentibus

195 2622 336 2668 oblonyo
355 2643 370 2648 -
394 2623 504 2657 ovatis
543 2622 658 2656 antice
692 2620 844 2666 yibbosis
883 2620 1018 2665 lonyius
1059 2620 1243 2654 bidentatis
1280 2624 1455 2653 caeterum
1491 2617 1736 2662 inteyewmmis,

195 2682 463 2729 amphiyastriis
499 2681 615 2726 bifidis
646 2682 813 2727 utrinque
846 2680 1083 2722 unidentatis,
1117 2678 1320 2726 periantlzio
1352 2676 1496 2712 laterali
1524 2675 1738 2712 subrotundo

198 2749 358 2777 truncato
385 2741 458 2776 basi
484 2742 617 2775 tumido
641 2741 738 2788 apice
760 2753 948 2788 compresso
974 2739 1108 2785 lonyius
1132 2739 1263 2774 ciliaco.

389 2804 660 2846 Juugermannia
685 2802 876 2846 physantha
904 2800 1041 2847 Taylor
1066 2800 1158 2847 Περ.
1175 2799 1264 2834 Νου.
1290 2797 1452 2832 Zeelemd.
1472 2803 1535 2832 etc.
1561 2797 1601 2831 iu
1620 2796 1734 2830 Lond.

476 2860 606 2894 Journ.
642 2860 688 2906 qs
714 2860 780 2895 bot.
819 2862 924 2896 1844.
957 2873 995 2907 p.
1021 2863 1167 2906 561222.
1199 2861 1254 2894 ll.
1316 2857 1442 2893 Raoul
1465 2856 1581 2892 Flora
1617 2856 1736 2891 Novae

477 2920 687 2955 Zeelandiae
708 2933 749 2967 p.
775 2924 836 2956 35.

294 2979 457 3015 Habitat
481 2980 519 3015 in
548 2980 660 3016 Nova
687 2980 905 3016 Zeelandia.
