1824 3252
173 206 237 237 182
791 200 1074 244 Chilosoyphus.

463 320 516 350 19.
574 315 943 361 Chiloseyphus
971 313 1182 349 lucidus
1210 313 1257 347 N.
1286 314 1333 347 ab
1357 314 1399 347 Ε.

265 376 328 410 Ch.
357 378 452 409 carde
474 374 718 420 procumbente
743 385 891 414 ramam,
906 372 1013 418 foliis
1036 373 1342 406 semivertz'ealz'bus
1371 372 1697 407 ovato-lanceolatz's

167 434 407 469 subundulatis
434 434 506 467 basi
532 432 793 467 decurrentibus
818 433 914 478 apice
940 431 1403 476 emacryinato-hid-ematis,
1437 432 1697 478 amphrysi-striis

169 496 204 528 in
226 493 316 538 folii
350 494 543 537 maryinem
580 494 768 525 ventralem
803 491 1063 526 decurrentibus
1096 491 1495 536 quadri-sexdeiitatis,
1538 491 1696 526 dentibus

167 554 287 587 mediis
314 552 660 596 nzuioribus,fruetu
689 577 697 585 .
727 579 735 588 .
768 578 775 585 .

358 613 629 654 Juugermauuia
663 612 778 643 lucida
816 610 860 644 L.
898 616 929 643 et
956 609 1023 654 Ly-
1062 610 1097 643 in
1130 609 1249 644 Lelem.
1279 610 1374 654 Puy.
1404 611 1456 656 pl.
1484 610 1532 646 V.
1566 611 1696 655 (1833)

368 654 373 659 ’
440 671 480 704 p.
507 661 542 692 2.
569 670 603 692 n.
631 662 665 692 2.
720 658 885 692 Gottsche
911 658 964 692 Ic.
995 658 1088 702 Hep.
1116 657 1207 692 iued.

264 717 422 751 Habitat
448 718 486 751 in
516 717 779 752 Promontorio
809 718 938 751 Bonae
966 716 1055 761 Spei
1093 716 1254 761 (Ecklon
1280 716 1318 750 in
1345 716 1421 751 Hb.
1452 717 1513 758 L.‚
1555 716 1698 761 Zeyher

167 777 203 810 in
233 776 307 810 Hb.
336 777 458 822 ng.).

263 835 383 870 Caulis
409 836 888 881 sexlinearis-pollicaris,
914 836 1185 880 procumbens,
1224 834 1424 877 flaccidus,
1454 836 1596 870 ramulo
1624 847 1698 870 uno

168 894 331 930 alterove
369 896 587 930 instructus.
639 896 746 930 Folia
780 895 1089 942 semiverticalia,
1128 899 1272 930 ovato·
1294 895 1524 936 lanceolata,
1565 906 1585 928 e
1619 895 1699 929 basi

167 954 296 989 latiore
325 955 545 991 decurrente
583 956 728 1000 apicem
754 967 884 990 versus
911 959 1134 999 angustata,
1161 955 1327 998 margine
1352 955 1571 998 praesertim
1606 966 1699 989 ven—

166 1013 251 1047 trali
272 1015 468 1055 undulata,
497 1027 644 1050 sursum
664 1016 989 1058 subconniventia,
1017 1015 1123 1060 apice
1139 1015 1288 1056 inflexa,
1315 1015 1448 1049 obtuse
1469 1015 1701 1057 emarginata

167 1072 223 1106 vel
251 1073 469 1117 bidentata,
496 1075 607 1109 dente
634 1076 839 1120 posteriore
865 1075 1086 1120 plerumque
1115 1079 1245 1116 acuto,
1274 1074 1391 1108 altero
1417 1074 1572 1115 obtuso,
1603 1085 1700 1108 non-

167 1143 371 1178 numquam
392 1139 517 1169 tamen
542 1140 699 1180 utroque
717 1136 773 1170 vel
791 1138 901 1168 acuto
917 1135 974 1168 vel
990 1135 1136 1175 obtuso,
1160 1133 1425 1174 fusceseentia,
1447 1133 1699 1168 nitidiuseula.

169 1191 438 1237 Anzpliiyastria
467 1199 591 1236 ovata,
618 1195 746 1233 bifida,
773 1193 940 1237 margine
967 1193 1142 1227 dentibus
1168 1196 1220 1226 2-
1239 1195 1261 1226 4
1286 1192 1504 1236 pluribusve
1527 1193 1701 1227 brevibus

167 1250 359 1294 instructa,
386 1265 471 1287 cum
500 1253 598 1288 soliis
625 1254 771 1288 coalita.
826 1253 931 1287 Reus
957 1253 1104 1287 areolae
1135 1253 1259 1293 laxae,
1286 1252 1480 1286 rotundae.

265 1311 372 1346 Obs.
425 1313 556 1348 Affinis
585 1313 812 1360 Clziloscyplio
847 1313 995 1352 coalito,
1034 1312 1098 1347 sed
1135 1312 1258 1345 differt
1285 1311 1379 1346 foliis
1414 1311 1644 1353 longioribus
1681 1324 1700 1345 e

167 1369 249 1403 basi
275 1371 396 1406 latiori
425 1373 633 1416 angustatis
660 1373 830 1417 margine
858 1372 1049 1416 superiore
1077 1371 1269 1404 undulatis
1305 1371 1411 1415 apice
1437 1371 1585 1406 inflexis
1612 1373 1696 1406 bre-

168 1428 249 1462 vius
286 1430 509 1473 bidentatis,
555 1432 732 1466 dentibus
766 1432 865 1466 haud
902 1443 984 1465 raro
1018 1431 1218 1471 obsoletis,
1267 1431 1545 1475 amphigastriis
1582 1433 1702 1466 ovans

168 1487 311 1531 bifidis,
353 1490 529 1526 dentibus
562 1492 781 1526 lateralibus
819 1491 963 1526 seilicet
997 1491 1114 1525 multo
1151 1490 1394 1525 brevioribus.
1456 1490 1702 1538 C'lziloseyplms

168 1559 337 1593 expansus
352 1550 392 1583 L.
411 1555 447 1585 et
463 1552 528 1595 Lg.
550 1551 648 1586 foliis
664 1552 897 1586 brevioribus
912 1550 1161 1594 integerrimis
1181 1549 1336 1595 aliisque
1352 1550 1449 1585 notis
1464 1550 1699 1585 discernitur.

398 1629 458 1662 20.
513 1627 881 1674 Chiloseyphus
907 1627 1244 1662 combinatus
1277 1626 1323 1659 N.
1352 1626 1398 1659 ab
1426 1627 1467 1660 Ε.

264 1682 327 1717 Ch.
355 1687 454 1719 cattle
479 1693 621 1731 repente
646 1686 974 1732 subramoso,foliis
999 1685 1274 1720 horizontalibus
1299 1686 1702 1731 ovato-emiei'fbrmibus

162 1740 282 1785 planis
314 1744 411 1789 apice
448 1746 921 1791 emaryimzto-triclentatis,
958 1745 1220 1792 ampliiyustriis
1253 1745 1395 1790 infolii
1419 1746 1611 1790 muryinem
1637 1758 1699 1779 ‹zn-

162 1806 262 1843 (suste
276 1802 537 1839 decurrentibus
553 1805 680 1850 bifidis,
704 1805 841 1840 laciniis
856 1805 975 1840 incisis
990 1805 1242 1851 (plerumque)
1261 1805 1476 1848 tridentatis,
1492 1805 1624 1850 frucm
1640 1831 1647 1838 .
1667 1830 1674 1838 .
1691 1830 1698 1837 .

358 1865 627 1906 Juugermauuia
666 1866 863 1897 combinata
899 1865 947 1898 N.
974 1864 1016 1898 ab
1047 1864 1095 1899 Ε.
1130 1865 1169 1898 in
1203 1865 1318 1898 [Πανί.
1354 1864 1416 1899 Fl.
1452 1864 1560 1899 Bras.
1599 1864 1629 1898 I.
1670 1868 1697 1897 l.

441 1923 477 1956 p.
513 1914 596 1946 333.
622 1914 706 1946 334.
741 1923 776 1946 n.
819 1914 873 1946 l2.
926 1912 1021 1957 Hep.
1057 1912 1138 1945 Jav.
1166 1923 1205 1957 p.
1242 1915 1300 1946 22.
1337 1923 1371 1945 n.
1407 1915 1466 1946 22.
1535 1912 1700 1946 Gottselie

449 1959 500 1992 Ie.
529 1959 623 2004 Hep.
655 1960 747 1994 ined.

246 2017 281 2058 β,
310 2017 474 2058 tenerior,
504 2019 594 2049 soliis
621 2018 837 2050 brevioribus
865 2019 959 2062 apice
987 2018 1259 2058 tridenticulatis,
1286 2019 1539 2061 amphigastriis
1567 2018 1697 2050 distan—

312 2066 400 2096 tibus
428 2075 568 2109 anguste
596 2066 862 2098 decurrentibus
887 2067 1018 2098 laciniis
1045 2067 1329 2099 ciliato-tri—vel
1358 2066 1639 2109 quadrideniatis'.

244 2134 281 2165 γ,
310 2125 400 2156 soliis
428 2126 574 2157 novellis
602 2125 785 2157 bidentatis
811 2126 863 2157 vel
889 2124 1158 2157 subiridentaiis.

261 2183 422 2217 Habitat
447 2182 485 2217 in
512 2183 698 2218 Brasilia:
724 2183 762 2217 in
790 2184 903 2218 Serra
928 2183 975 2218 de
1002 2183 1165 2218 Estrella
1191 2186 1228 2217 et
1254 2182 1289 2217 in
1319 2182 1434 2218 Minis
1460 2182 1698 2227 generalibus

167 2242 347 2281 (Martius
374 2242 411 2277 in
439 2243 515 2276 Hb.
545 2242 633 2288 N.);
667 2243 704 2277 in
731 2243 829 2277 Java
854 2242 997 2286 insula,
1022 2243 1118 2278 inter
1143 2253 1289 2277 muscos
1314 2242 1480 2287 (Blume‚
1508 2243 1585 2278 Hb.
1613 2243 1698 2287 N.);

166 2301 201 2334 in
230 2302 344 2336 Terra
370 2314 440 2336 van
471 2302 630 2337 Diemen
660 2302 857 2346 (d‘Urvine
882 2302 920 2336 in
950 2303 1026 2337 Hb.
1054 2302 1107 2336 M.
1135 2307 1172 2337 et
1199 2302 1277 2346 up).
1575 2293 1580 2299 '

263 2360 405 2395 Similis
425 2361 652 2408 Chiloseyplco
676 2368 813 2406 aaeyuto,
839 2361 906 2396 sed
927 2362 1051 2397 differt
1072 2362 1248 2397 dentibus
1267 2362 1437 2397 foliorum
1457 2361 1697 2407 paucioribus

167 2418 389 2461 profundius
424 2420 556 2455 divisis
595 2425 633 2455 et
674 2421 955 2465 amphigastriis
993 2423 1104 2465 longe
1143 2422 1239 2456 aliis.
1305 2421 1464 2456 Plantae
1495 2420 1696 2456 Iavanicae

164 2487 182 2509 a
200 2478 493 2514 Brasiliensibus
521 2480 644 2515 colore
670 2481 866 2524 pallidiore
894 2485 932 2516 et
959 2481 1147 2526 rigiditate
1173 2483 1337 2527 quadam
1355 2482 1547 2517 recedunt.
1600 2483 1692 2516 Am-

161 2536 362 2581 phiyastria
397 2539 434 2573 in
471 2539 721 2574 adultioribus
755 2541 894 2584 plantis
928 2541 1341 2585 emarginato-bifida,
1381 2540 1528 2575 laciniis
1563 2540 1695 2578 bifidis.

163 2605 320 2638 quarum
348 2597 466 2631 altera
495 2610 560 2632 seu
588 2598 743 2633 interior
769 2600 880 2634 etiam
908 2600 1042 2642 bifida,
1080 2601 1253 2635 lacinulis
1288 2599 1492 2641 subulatis,
1532 2599 1696 2634 exterior

163 2654 339 2689 subulata
367 2656 413 2689 ad
441 2657 622 2692 ambitum
649 2663 845 2693 externum
873 2659 1049 2694 dentibus
1075 2660 1194 2695 tribus
1227 2663 1292 2693 aut
1316 2662 1478 2704 quatuor
1509 2658 1695 2693 subulatis

164 2714 346 2757 praedita.
380 2716 606 2750 Iuvenilium
622 2719 854 2753 surculorum
870 2719 1138 2763 amphigastria
1150 2719 1263 2753 bifida
1277 2722 1376 2760 sunt,
1390 2717 1536 2752 laciniis
1550 2711 1694 2753 trifidis.

260 2775 366 2809 Obs.
422 2775 555 2811 Differt
582 2787 603 2810 a
632 2777 697 2812 C'lz.
723 2778 856 2812 lucido:
893 2779 1002 2812 caule
1038 2778 1284 2822 simpliciore,
1318 2776 1417 2812 foliis
1451 2777 1552 2811 haud
1585 2777 1694 2821 longe

166 2833 453 2870 decurrentibus
478 2835 597 2879 magis
625 2837 750 2880 planis
777 2847 844 2871 nec
871 2837 1038 2880 margine
1067 2838 1222 2871 ventrali
1248 2837 1460 2879 undulatis‚
1497 2836 1620 2871 minus
1647 2837 1693 2870 ad

165 2891 310 2934 apicem
344 2895 556 2937 angustatis
589 2895 777 2941 plerisque
812 2895 1105 2932 tridenticulatis
1139 2897 1314 2932 dentibus
1348 2896 1572 2932 acuminatis
1609 2896 1689 2931 lon-

162 2950 340 2992 gioribus.
394 2953 675 3000 (Lindenberg.)
