1824 3252
759 190 1029 224 Dcndroceros.
1581 193 1651 224 :379

365 303 546 344 LXIV.
579 303 657 356 (Ι.)
716 301 1169 348 Dentlroceros
1200 299 1260 342 N.
1295 302 1346 342 ab
1379 300 1430 342 Ε.

134 372 330 407 Monoclea
371 372 560 406 Emlliclzer
599 373 685 406 Gen.
724 384 758 417 p.
796 374 853 404 44.
893 377 924 404 et
970 373 1069 404 1337.
1107 382 1141 404 n.
1180 372 1262 404 460.
1305 370 1412 413 (exc-I.
1450 373 1649 408 Monoctea

137 432 319 477 Forsteri)
347 432 489 466 „Hooker
513 445 552 465 ea·
570 439 683 478 parte.
737 430 996 464 Antilocerotis
1020 441 1123 474 spece.
1151 429 1283 464 Raclcli.

227 502 391 545 Capsula
408 503 565 536 dorsalis
584 501 849 546 peduncnlata‚
877 505 1037 542 angusta
1066 500 1156 534 rima
1177 500 1384 541 dehiscens,
1412 503 1521 536 valva
1544 504 1649 548 apice

133 561 242 593 bifida
259 587 266 600 ,
301 561 515 604 persistens.
568 560 860 604 Receptacutum
889 559 1071 592 seminum
1097 561 1259 594 neutrale
1286 560 1441 594 liberum
1468 562 1648 597 fitiforme.

132 621 317 655 Elateres:
347 620 726 665 uni-(bi?)-spiri.³÷³)
768 618 1006 651 Involucrum
1029 618 1253 654 tubulosum.
1296 620 1485 655 Antberae
1512 633 1645 667 aggre-

132 685 261 722 gatae,
291 680 523 723 receptaculo
550 678 721 722 patellari
750 677 956 720 marginato
982 677 1177 711 immersae
1206 678 1449 723 (Endlioher).

226 738 425 781 Vegetatio
452 738 647 777 frondosa,
684 736 824 777 tenuis,
859 740 1025 776 costata,
1059 737 1291 781 caespitesa,
1321 738 1453 780 bifida,
1487 740 1647 774 sinuata.

132 798 248 831 Costa
274 799 515 841 gernnripara,
542 796 696 839 gemmis
723 796 942 840 sphaericis,
969 796 1053 830 dein
1081 797 1250 831 evolutis.

229 856 319 889 Vita
347 857 502 890 arborea
529 856 565 888 in
594 855 706 888 ramis
732 855 908 889 emortuis
936 854 1158 899 niuscisqne.

227 916 355 949 Genus
393 915 492 947 haud
533 913 624 947 satis
672 914 742 947 sibi
782 919 982 954 constans,
1027 914 1224 948 Monoeleas
1265 925 1348 948 cum
1388 914 1650 949 Antltoeerotez's

130 980 353 1008 connectens
381 974 449 1007 nisi
477 974 602 1016 potius
628 973 856 1006 Antlcoceroti
883 972 1007 1015 generi
1035 973 1335 1016 eouiungendum
1362 979 1511 1018 propter
1542 976 1649 1010 colu·

131 1033 299 1072 niellam,
325 1033 518 1077 capsulam
546 1044 566 1066 a
594 1033 708 1066 latere
736 1033 850 1066 rimae
878 1032 1049 1076 opposito
1076 1032 1182 1076 apice
1210 1033 1340 1066 saltem
1367 1033 1511 1075 fissam,
1539 1035 1648 1067 invo—

131 1092 221 1126 lucri
249 1092 456 1125 communis
483 1091 680 1131 defectum,
707 1092 1015 1125 inssorcscentiam
1035 1093 1238 1125 masculam
1257 1092 1494 1126 Antlioceroti
1522 1094 1648 1136 generi

132 1151 431 1195 respondentem,
459 1150 642 1184 frondium
671 1151 831 1195 denique
859 1150 1024 1184 habitum
1053 1155 1164 1194 atque
1190 1151 1436 1185 teneritatem.
1489 1150 1528 1184 Si
1557 1151 1648 1185 sorte

131 1211 166 1244 in
192 1210 369 1243 Monoelea
394 1210 556 1244 Forsteri
581 1211 775 1244 columella
803 1214 886 1253 post
912 1209 1003 1242 haec
1031 1209 1252 1250 invenietur,
1285 1216 1373 1244 tunc
1400 1211 1518 1245 solum
1546 1210 1646 1244 Calo-

130 1269 251 1315 bryum
272 1280 389 1311 genus
412 1269 738 1302 interMonocleas
767 1269 1005 1312 relinquetur,
1032 1268 1091 1301 cui
1118 1274 1218 1302 certo
1246 1269 1347 1302 nulla
1373 1273 1429 1302 est
1452 1267 1647 1303 columella

130 1334 165 1362 et
192 1328 340 1361 habitus
368 1339 459 1361 sane
487 1328 631 1361 alienus
660 1339 681 1361 a
709 1327 871 1372 reliquis.

225 1387 379 1430 Species
405 1397 480 1420 una
506 1398 553 1420 ex
582 1387 709 1420 Insula
737 1386 1012 1427 St.Vincentii‚
1038 1397 1113 1420 una
1140 1397 1159 1419 e
1185 1387 1356 1421 Jamaica
1384 1389 1434 1430 (et
1456 1389 1645 1434 Brasilia),

130 1456 202 1478 una
230 1457 277 1480 ex
304 1446 434 1480 Insula
461 1445 516 1479 St.
545 1445 819 1489 Cliristophori,
859 1456 933 1478 una
960 1456 980 1478 e
1010 1445 1191 1488 Brasilia,
1225 1457 1301 1480 una
1327 1458 1375 1480 ex
1398 1448 1527 1483 Insula
1547 1451 1641 1484 Bor-

120 1504 262 1545 ·l)onia‚
297 1515 372 1538 una
400 1515 419 1538 e
445 1504 545 1538 Java
575 1504 717 1545 insula,
753 1516 826 1538 una
853 1516 899 1538 ex
930 1505 1059 1540 Insula
1086 1505 1140 1539 St.
1163 1506 1353 1546 Helenae,
1390 1518 1463 1540 una
1491 1519 1511 1540 e
1538 1508 1644 1543 Nova

127 1563 329 1597 Zeelandia
356 1564 494 1596 adlata.

406 1649 432 1678 t.
482 1645 849 1681 Denarocems
874 1647 1140 1690 crispatus
1171 1647 1216 1681 N.
1244 1648 1291 1681 ab
1322 1648 1363 1682 E.

222 1704 270 1738 Ι).
305 1703 492 1749 pedunculo
527 1711 672 1743 exserto,
710 1705 842 1750 fronde
876 1709 992 1738 tenera
1030 1704 1465 1751 laciniato-pimzatffida,
1505 1709 1642 1742 laciniis

124 1764 256 1808 crispis.

315 1824 497 1854 Monoclea
526 1825 666 1866 crispata
695 1823 810 1856 Hoolr.
838 1822 922 1856 Boc.
958 1822 1107 1857 liliseell.
1144 1823 1173 1858 Ῑ.
1196 1835 1234 1868 p.
1264 1827 1341 1859 117.
1369 1831 1393 1857 t.
1420 1827 1478 1859 27.
1530 1827 1638 1859 Lond-

397 1881 525 1915 Journ.
553 1881 599 1926 ⁰f
618 1881 682 1915 bot.
713 1884 814 1916 1844.
837 1894 875 1927 p.
908 1885 985 1916 165.
1011 1895 1046 1916 η.
1077 1885 1155 1915 127.

221 1939 263 1972 In
297 1939 408 1972 ramis
443 1940 616 1973 arborum
653 1941 806 1974 Insulae
842 1941 897 1974 St.
924 1941 1115 1975 Vincentii
1153 1941 1354 1985 (Guilding
1387 1942 1425 1976 in
1460 1942 1534 1977 Hb.
1564 1944 1638 1979 Hk.

122 2002 159 2031 et
185 1998 242 2038 L„
267 1998 330 2031 ubi
357 1997 432 2031 vidi
461 1998 702 2043 specimina);
728 2006 766 2034 et
791 1999 828 2034 in
857 2000 968 2034 Serra
994 2001 1062 2034 dos
1085 2000 1228 2043 Orgsos
1243 2000 1427 2035 Brasiliae
1451 2001 1640 2045 (Gardner

123 2067 158 2089 n.
184 2059 230 2090 33
257 2056 293 2089 in
322 2056 398 2091 Hb.
425 2058 529 2101 Tayl.
555 2062 592 2092 et
618 2059 699 2103 G.).

193 2115 384 2155 „Frondes
411 2117 656 2160 caespitosaffi
683 2129 835 2162 parvae,
863 2119 1012 2157 virides,
1038 2118 1247 2152 dichotome
1274 2118 1429 2161 divisae,
1458 2125 1636 2162 comatae,

126 2175 448 2217 membranaceae,
475 2176 615 2210 minute
641 2177 871 2219 reticulatae‚
898 2177 1156 2222 pinnatffidae,
1185 2178 1325 2222 aliquot
1351 2178 1469 2213 lineas
1495 2180 1639 2223 longae,

122 2233 348 2276 caespitulos
383 2244 517 2277 parvos
553 2235 688 2270 virides
714 2237 856 2281 crispos
882 2238 1103 2278 formantes3
1137 2236 1212 2270 lobi
1244 2236 1438 2280 insigniter
1471 2239 1639 2282 crispati,

123 2293 328 2326 rotundati.
380 2293 424 2327 In
459 2298 561 2327 costa
594 2295 764 2329 oriuntur
797 2306 965 2338 gemmae
1000 2296 1195 2339 globosae,
1235 2306 1436 2337 carnosae,
1475 2299 1636 2339 sessiles,

122 2349 208 2382 dum
248 2351 470 2384 evolvuntur
508 2352 681 2395 inflatae,
730 2354 1260 2398 bulloso-subcyathiformes
1297 2356 1526 2399 marginibus
1565 2359 1637 2391 oris

121 2408 281 2450 inflexis,
316 2410 561 2446 foraminibus
588 2413 874 2457 perforatae-*³5
928 2413 1154 2448 Involucrum
1179 2414 1477 2457 cylindraoeum,
1503 2426 1636 2450 carno—

192 2563 224 2605 *)
261 2565 425 2607 ssispiram
454 2563 633 2597 Hookerus
676 2567 812 2599 exhibet
838 2565 1051 2600 Monocleam
1084 2578 1180 2598 suam
1217 2566 1427 2612 crispatam;
1451 2570 1483 2601 iu
1512 2574 1634 2602 nostr-is

263 2624 434 2666 plerisque
474 2624 558 2656 fibra
597 2626 742 2668 simplex
782 2635 848 2664 est,
900 2628 985 2665 lata,
1030 2628 1103 2658 laxe
1145 2634 1247 2665 torta,
1291 2628 1324 2658 in
1363 2629 1438 2659 solo
1474 2627 1634 2662 Dendro-

262 2687 372 2715 eet-ote
405 2681 515 2716 lacero
547 2694 687 2726 augusta
724 2694 773 2716 est
810 2685 892 2717 fibra
934 2695 966 2717 et
1010 2694 1099 2716 arcte
1138 2686 1403 2725 circumvoluta,
1451 2687 1564 2719 forsan
1604 2697 1635 2720 et

265 2740 413 2772 subinde
440 2742 577 2784 duplex.

168 2799 221 2840 μ)
257 2799 332 2830 The
366 2800 554 2843 sphaerical
589 2802 709 2834 bodies
742 2803 899 2835 attached
926 2812 959 2835 to
995 2803 1049 2835 the
1077 2804 1206 2835 midrib
1245 2803 1313 2846 (fig.
1341 2803 1373 2846 2)
1414 2806 1547 2836 contain
1579 2808 1632 2838 the

264 2857 410 2898 anthers,
436 2860 501 2891 and
526 2872 580 2892 are
607 2863 795 2906 ultimately
823 2871 898 2894 torn
920 2874 1008 2905 open
1036 2872 1066 2894 at
1091 2864 1143 2894 the
1173 2874 1266 2907 apex.
1314 2860 1453 2894 Hooker
1473 2864 1504 2894 in
1521 2864 1633 2897 Lond-

262 2917 381 2948 Jonrn.
408 2919 447 2949 os
469 2919 539 2951 bot.
568 2925 668 2952 1844.
695 2933 726 2963 p.
757 2926 834 2952 165.
862 2933 894 2952 n.
925 2927 1001 2952 127.

1264 3004 1334 3030 37“
