1824 3252
775 176 919 211 Riccia.
1536 183 1607 215 793

722 289 969 334 Riccia.

181 359 337 403 Species
364 357 554 402 cognitae,
591 357 731 392 additis
766 358 1010 403 sequentibus
1044 358 1081 393 in
1118 359 1226 393 Nova
1254 359 1457 393 Hollandia
1490 358 1608 401 lectis,

85 423 172 454 sunt
196 422 255 453 47.

85 512 122 545 p.
148 503 232 535 600.
426 502 449 532 2
475 499 508 532 b.
560 499 744 534 Riccoe‘a
770 498 1084 532 ‹tcttmi‘nata
1107 498 1257 541 Taylor.

183 571 233 605 R.
250 571 385 616 fronde
410 569 599 603 orbiculari
622 571 791 603 radiatim
817 571 948 611 divisa,
983 568 1065 602 lobis
1091 568 1280 602 linearibus
1304 568 1502 603 clichotomis
1526 581 1607 603 acu-

86 631 230 666 minatis
253 629 494 664 canalia-'alatis
519 632 675 674 mar-aine
700 629 826 663 elevato
852 629 976 675 inflexo
1000 627 1118 662 subtus
1141 628 1256 661 nudis.

279 691 390 722 Riecia
428 691 618 720 acuminata
655 688 788 734 Taylor
832 690 915 723 Nov.
956 688 1047 734 Hep.
1090 687 1126 721 in
1161 687 1273 721 Lond.
1307 687 1435 720 Journ.
1470 687 1515 731 of
1541 686 1608 722 bot.

370 750 472 782 1846.
494 759 532 793 p.
560 749 642 780 414.
668 760 702 780 n.
730 750 763 781 2.

185 806 346 840 Habitat
373 807 408 840 in
426 806 534 840 Nova
560 806 763 840 Hollandia
784 816 899 849 prope
926 806 1062 839 flumen
1086 806 1298 848 Cygnorum
1326 803 1610 847 (Drummond).

187 866 344 899 Frondes
379 865 548 908 pollicem
585 865 766 898 diametro
802 865 1008 898 metientes.
1060 864 1100 897 Si
1138 864 1370 897 liumefaotae
1396 867 1500 902 sunt,
1535 862 1610 895 lobi

90 929 235 959 tument
261 929 297 958 et
323 925 511 967 margines
538 924 591 958 ita
618 927 720 958 arcte
747 923 874 958 inflexi
904 927 1011 964 sunt,
1048 929 1088 956 ut
1116 922 1336 968 Opeyrapltae
1362 921 1498 955 lirellas
1523 921 1607 954 imi-

88 989 225 1018 tentur.
278 984 503 1027 Superficies
529 983 706 1017 ventralis
732 983 898 1027 squamis
922 982 1070 1016 omnino
1093 982 1283 1016 destituta.
1336 981 1452 1015 Frons
1473 979 1612 1024 pallide

91 1044 222 1079 viridis
248 1045 402 1087 pulvere
432 1042 558 1076 albido
585 1052 786 1085 conspersa
813 1041 971 1076 videtur.

187 1103 323 1137 Differt
349 1113 369 1136 a
399 1102 449 1137 R.
475 1101 682 1148 crystallina
708 1101 802 1135 lobis
831 1100 1068 1134 acuminatis.
1122 1100 1271 1143 (Taylor
1297 1101 1320 1133 Ι.
1346 1102 1396 1143 c.)

90 1209 126 1242 p.
153 1200 236 1231 603.
482 1198 524 1229 13
542 1195 577 1230 b,
627 1196 810 1229 Riccia
834 1194 1034 1228 crinita
1058 1193 1205 1236 Taylor.

188 1267 238 1301 R.
267 1267 399 1313 fronde
434 1266 664 1311 ylaucescente
710 1265 778 1298 late
815 1264 942 1298 lineari
976 1264 1165 1297 diclzotoma
1197 1262 1427 1297 canaliculata
1460 1262 1615 1307 maryine

89 1328 244 1367 incurvo,
270 1327 421 1372 squamis
451 1324 706 1370 maryinalibus
731 1325 875 1358 minutis
899 1323 1120 1368 atro-fuscis
1153 1329 1256 1368 atque
1285 1322 1374 1356 ciliis
1405 1321 1531 1355 albidis
1555 1334 1612 1355 su-

90 1386 217 1421 bulatis
241 1387 367 1431 riyidis
391 1384 644 1419 conniventibus
668 1384 819 1418 subbim's
843 1383 986 1418 occlusa.

282 1447 395 1478 Riccia
423 1447 541 1477 crinita
579 1444 681 1490 Tayl.
710 1444 798 1478 Νου.
826 1444 919 1489 Hep.
953 1444 991 1476 in
1032 1442 1139 1476 Loncl.
1175 1441 1303 1476 Journ.
1337 1440 1380 1486 qf
1402 1439 1466 1473 bot.
1510 1440 1612 1473 1846.

364 1517 403 1550 p.
433 1506 514 1538 415.
549 1517 583 1537 n.
610 1506 645 1538 6.

190 1563 352 1597 Habitat
378 1564 414 1597 in
443 1563 551 1597 Nova
572 1561 776 1597 Hollandia
802 1560 901 1604 apud
929 1560 1064 1595 flumen
1082 1560 1295 1604 Cygnorum
1322 1560 1400 1594 solo
1428 1558 1614 1601 argilloso·

91 1623 344 1666 (Drummond
372 1622 408 1656 in
438 1623 512 1656 Hb.
543 1622 618 1656 Hk.
647 1633 681 1655 n.
707 1622 785 1665 42.)

187 1681 354 1715 Frondes
382 1682 508 1725 paullo
535 1681 738 1725 dispersae,
765 1683 787 1715 3
809 1680 872 1713 lin.
891 1679 1037 1722 longae,
1065 1689 1179 1722 prope
1207 1677 1332 1721 apices
1359 1675 1453 1709 ciliis
1480 1673 1615 1708 albidis

91 1751 111 1774 e
138 1741 369 1784 marginibus
396 1741 575 1785 oppositis
602 1740 764 1774 clausae.
790 1759 835 1765 —-
864 1740 1000 1774 Differt
1026 1750 1047 1772 a
1074 1738 1124 1772 R.
1151 1738 1272 1772 vitiata
1298 1736 1465 1771 ciliorum
1493 1733 1613 1777 longi-

90 1799 222 1833 tudine
249 1804 286 1834 et
311 1800 477 1843 margine
504 1800 688 1834 frondium
716 1810 916 1843 purpureo.
969 1798 1122 1842 (Taylor
1148 1798 1172 1831 l.
1199 1798 1249 1840 c.)

91 1902 128 1935 p.
144 1874 238 1927 ⁰603.
464 1894 518 1926 14.
569 1893 754 1927 Riccia
778 1891 1060 1938 Bischosfii
1088 1890 1242 1924 Hiiben.

243 1968 278 2005 β,
291 1962 498 2006 fimbriata,
527 1964 650 1995 fronde
679 1965 762 1995 ciliis
789 1963 1005 2005 longioribus
1033 1962 1334 2001 crebrioribnsque
1361 1957 1525 2002 praedita.

190 2021 352 2055 Habitat
379 2022 471 2055 haec
497 2022 662 2055 varietas
689 2022 725 2055 in
752 2022 970 2056 Palatinatu
1000 2021 1046 2054 ad
1070 2019 1277 2054 Durkheim
1304 2018 1341 2052 in
1368 2016 1482 2060 sylvis
1508 2026 1618 2049 mon-

92 2081 206 2124 tanis,
234 2082 298 2116 ubi
325 2083 421 2116 lecta
449 2085 506 2116 est
531 2093 553 2115 a
579 2082 625 2116 cl.
655 2081 831 2116 Bischoff.

93 2184 130 2217 p.
155 2175 240 2207 605.
497 2173 598 2207 2o'b.
649 2172 832 2207 Riccia
852 2180 1048 2216 poro-sa
1072 2170 1220 2213 Taylor.

192 2231 242 2265 R.
252 2231 386 2276 fronde
410 2238 555 2265 cuneata
580 2231 771 2265 dieltotoma
792 2243 918 2276 porosa
943 2230 1077 2264 sordide
1101 2227 1502 2266 snamium-virescente,
1535 2223 1618 2258 lobis

97 2292 238 2326 tumidis
252 2289 442 2325 linearibus
455 2291 612 2335 maryine
626 2290 746 2324 subtus
757 2291 956 2335 squamosis,
970 2289 1120 2334 squamis
1127 2288 1271 2321 minutis
1276 2285 1546 2333 purpurascenti
1548 2283 1618 2318 bus.

288 2351 401 2383 Riccia
428 2361 551 2392 porosa
581 2348 686 2395 Tayl.
721 2349 812 2383 Nov.
849 2348 943 2394 Hep.
977 2349 1015 2381 in
1044 2347 1153 2381 Lond.
1180 2346 1307 2380 Journ.
1333 2345 1378 2390 (ψ’
1403 2345 1469 2379 bot.
1514 2345 1617 2378 1846.

368 2421 407 2454 p.
434 2410 517 2441 416.
542 2420 577 2442 n.
602 2410 636 2442 8.

195 2467 356 2503 Habitat
380 2468 418 2500 in
448 2466 555 2501 Nova
587 2466 790 2501 Hollandia
819 2466 865 2500 ad
891 2466 1027 2500 flumen
1055 2465 1268 2509 Cygnorum
1296 2462 1581 2506 (Drummond).

192 2528 286 2562 Fere
312 2526 513 2571 pollicaris,
541 2526 614 2560 lobi
634 2526 858 2566 substellati‚
885 2525 922 2558 in
949 2528 1048 2558 statu
1079 2524 1180 2558 sicco
1207 2523 1326 2563 acuti;
1354 2523 1432 2567 pori
1458 2522 1495 2555 in
1522 2520 1618 2556 serie

97 2588 304 2623 secundum
331 2586 474 2621 frondis
500 2586 669 2620 canalem
696 2585 820 2629 positi.
873 2582 1043 2630 Capsulae
1077 2582 1189 2616 binae
1214 2582 1272 2615 vel
1299 2585 1439 2622 ternae,
1472 2579 1615 2614 maius-

99 2648 218 2689 culae,
246 2646 387 2681 frondis
414 2644 581 2680 cuticula
606 2649 717 2689 rupta
743 2644 891 2678 demum
919 2647 1081 2686 apertae.
1130 2641 1281 2687 (Taylor
1306 2641 1329 2675 l.
1355 2641 1406 2685 c.)

100 2751 138 2785 p.
162 2743 247 2775 605.
532 2741 580 2773 20
598 2748 630 2772 c.
683 2736 867 2772 menia
895 2736 1013 2770 lata
1037 2735 1185 2779 Taylor.

199 2799 250 2833 R.
276 2798 408 2843 fronde
447 2803 591 2833 cuneata
624 2796 813 2831 dielzotoma
857 2794 1027 2841 aequabili
1069 2794 1154 2829 laete
1189 2795 1336 2837 virente,
1363 2793 1446 2828 lobis
1469 2791 1621 2839 oblonyis

100 2859 340 2894 obtusiusculis
372 2857 610 2892 canaliculatz's
636 2855 786 2890 laevibus
817 2854 1071 2889 tumescentibus
1103 2854 1260 2899 maryine
1282 2853 1400 2888 subtus
1421 2853 1620 2897 squamosis,

102 2918 253 2964 squamis
276 2919 471 2953 rotundatis
495 2916 727 2953 com-oloribus
751 2914 969 2951 distantibus.
