1824 3252
170 181 237 213 152
810 180 1059 224 Lophocolea.

259 294 388 328 Caulis
425 298 658 338 prostratus,
699 305 902 337 rspensve,
945 294 1203 335 laxiusculus,
1254 296 1696 339 divergenti-rainosus.

162 352 268 387 Folia
303 354 490 394 succuba,
536 353 724 398 plerisque
759 353 1099 395 subhorizontalia,
1145 355 1278 398 paucis
1313 356 1621 397 semiverticalia,
1662 359 1699 391 in

159 412 272 447 dorso
298 415 417 448 caulis
445 413 544 446 linea
570 413 720 457 obliqua
751 412 1010 453 decurrentia,
1045 413 1152 457 apice
1179 414 1399 460 plerumque
1427 416 1462 450 bi
1480 417 1698 461 —pluriden-

158 477 257 511 tata,
292 473 415 508 mollia
444 478 480 505 et
507 477 649 512 tenera,
677 472 764 505 retis
791 472 948 505 maculis
976 472 1162 515 contiguis
1188 473 1314 517 pastris
1342 475 1550 519 pellucidis.
1604 476 1700 510 Am-

158 531 366 575 pliigastria
392 532 427 565 in
455 531 641 572 omnibus,
667 531 762 565 soliis
790 531 988 567 teneriora.
1018 532 1248 576 bi-plurifida
1277 534 1421 568 laciniis
1439 546 1551 580 saepe
1570 537 1698 571 incisis

160 591 354 632 lacerisve,
383 590 464 624 basi
493 590 654 623 subinde
683 591 717 624 in
747 591 831 624 folia
861 591 1033 635 proxime
1061 592 1231 626 subiecta
1260 593 1509 629 decurrentia.

256 649 414 683 Plantae
441 650 649 684 mediocres
677 655 741 684 aut
768 652 1071 695 grandiusculae,
1100 652 1258 694 muscis,
1287 657 1457 687 terraeve
1484 654 1609 690 nudae
1636 656 1695 690 in-

161 714 380 750 nascentes,
410 707 790 754 laxe'caespitosae,
820 712 856 744 in
885 709 986 745 sicco
1013 716 1113 746 statu
1142 722 1272 746 omnes
1303 712 1479 756 pallidae.
1521 712 1698 748 Omnium

158 767 249 801 odor
276 767 533 810 gravissimus,
562 769 591 803 si
621 769 897 805 humectantur.

255 828 386 862 Genus
414 840 479 872 per
506 829 634 863 orbem
673 830 746 863 late
776 841 970 874 sparsum,
1007 830 1115 865 cuius
1141 831 1286 875 speeies
1313 832 1526 872 decio-siras,
1559 831 1699 876 quippe

157 886 436 929 amphigastriis
470 899 554 922 cum
592 888 689 923 foliis
724 891 906 924 connexis
940 890 1149 934 praeditas,
1199 890 1398 925 duodecim
1441 895 1585 924 tantum
1629 902 1694 925 co-

155 946 352 986 gnovimus
389 948 568 993 zonisque
595 948 838 984 calidioribus
867 950 1089 993 adscriptas.
1149 951 1246 984 Sunt
1274 955 1397 985 autem
1430 951 1526 985 inter
1552 951 1698 995 species

155 1005 368 1041 adhucdum
396 1009 568 1051 cognitas
606 1012 654 1043 32
682 1009 903 1053 Europaeae
934 1013 995 1050 lu,
1025 1009 1174 1044 Africae
1200 1010 1390 1044 calidioris
1425 1009 1696 1054 (promontorii

158 1063 287 1099 Bonae
316 1066 424 1110 Spei)
459 1073 494 1103 et
522 1069 750 1110 Abyssiniae
778 1070 923 1104 incolae
959 1073 1002 1111 4,
1043 1069 1154 1103 Asiae
1192 1069 1385 1104 calidioris
1421 1073 1466 1111 4,
1500 1069 1696 1103 Americae

154 1127 457 1167 septentrionalis
486 1128 661 1173 propriae
690 1129 813 1163 nullae
837 1130 902 1163 sed
930 1140 1146 1163 communes
1166 1129 1365 1163 Americae
1391 1127 1696 1173 septentrionalis

157 1186 193 1214 ct
211 1182 386 1228 Europae
413 1187 525 1229 duae,
554 1189 751 1224 Americae
780 1189 970 1223 calidioris
1004 1192 1057 1230 10,
1088 1188 1220 1223 Novae
1248 1188 1476 1222 Hollaudiae
1500 1192 1534 1230 3,
1565 1188 1696 1222 Novae

159 1241 385 1278 Zcelandiac
415 1251 446 1289 l,
478 1248 514 1282 in
546 1249 681 1283 Insulis
715 1249 1038 1284 Sandvicensibus
1071 1251 1100 1289 1,
1127 1247 1275 1282 Owaihi
1301 1247 1446 1282 insulae
1478 1251 1505 1282 1.
1558 1247 1695 1294 Lopho-

155 1302 246 1336 colea
273 1302 449 1340 bidentata
485 1313 520 1342 ct
556 1308 591 1342 in
625 1309 776 1353 Europa
814 1314 850 1343 et
889 1309 924 1342 iu
962 1308 1132 1342 Ameriea
1171 1307 1452 1351 septentrionali
1487 1308 1695 1353 cademque

155 1361 267 1396 ctiam
296 1363 331 1397 in
360 1365 457 1400 Java
487 1368 607 1402 insula
635 1368 780 1403 crescit.

477 1454 500 1495 ξ.
537 1457 563 1487 l.
619 1453 901 1499 Ampl1i9aslriis
928 1453 962 1486 in
979 1451 1074 1495 fidia
1102 1450 1380 1485 decurrentibus.

657 1524 690 1554 d,
720 1523 865 1556 utroque
895 1515 998 1544 lature
1029 1513 1194 1543 connatis.

453 1586 480 1617 ι.
532 1584 863 1627 Lophocolea
888 1584 1174 1618 Martiana
1203 1583 1249 1617 N.
1276 1584 1323 1618 ab
1353 1584 1395 1617 E.

256 1651 295 1684 L.
331 1653 427 1687 caule
461 1661 601 1700 repente
636 1667 719 1699 ναμε
752 1666 908 1694 ramoso,
932 1654 1040 1700 foliis
1073 1655 1231 1689 distichis
1264 1654 1543 1688 horizontalibus
1578 1662 1692 1688 ovato-

153 1711 336 1751 quadratis
362 1714 812 1758 emar-{sinalo-biclentatis
839 1726 905 1759 per
933 1714 1038 1758 paria
1074 1727 1151 1748 cum
1184 1715 1447 1761 amplliyastriis
1474 1714 1690 1760 lai-quadri-

153 1764 282 1806 (ete'mn
311 1773 395 1814 Sex)
422 1774 544 1819 ·fid1‘s
570 1775 748 1815 connatis,
778 1774 977 1820 periamthio
1007 1774 1213 1819 prismutico
1247 1774 1386 1819 (russulis
1419 1774 1694 1818 (myuste-alaco

152 1837 210 1859 ore
246 1833 579 1875 serrato-(lentato,
625 1834 730 1878 foliis
769 1833 1041 1867 inrolucralibus
1080 1834 1290 1878 Ionyioribus
1338 1834 1497 1879 maryine
1543 1833 1695 1868 ventrali

154 1883 241 1919 3-4
266 1889 426 1926 (lentibus
451 1892 641 1927 maioribus
667 1893 827 1930 munitis,
850 1892 1104 1937 amphiyastrio
1130 1894 1288 1939 calycino
1312 1895 1548 1938 subquadruto
1568 1893 1689 1939 pluri-

152 1945 292 1980 ‹Ientam
318 1949 425 1984 altius
458 1959 615 1987 commeo.

345 2011 616 2052 Jungermanuia
652 2022 796 2044 connata
842 2012 888 2044 N.
916 2011 957 2044 ab
985 2011 1032 2044 Ε.
1075 2011 1111 2044 in
1149 2011 1260 2044 Mart.
1302 2011 1402 2044 Flor.
1437 2011 1544 2044 Bras.
1586 2011 1638 2044 Ι.’
1661 2014 1690 2045 l.

428 2071 466 2104 p.
493 2062 576 2093 332.
603 2062 686 2094 333.
709 2071 746 2153 J}
776 2061 832 2141 ἑί,
887 2058 1048 2092 illm-tius
1077 2058 1173 2092 Icon.
1188 2057 1301 2092 select.
1327 2065 1439 2105 crypt.
1467 2058 1692 2105 (exelsyn.)

430 2118 468 2151 p.
495 2109 553 2141 33.
582 2114 606 2141 ι.
639 2110 693 2141 17.
740 2133 748 2141 .
804 2133 810 2140 .

343 2167 614 2209 Jungermaunia
642 2168 803 2209 parallela
833 2166 1008 2199 Meissner
1036 2166 1072 2198 in
1097 2165 1209 2199 selued.

227 2219 262 2261 β,
288 2223 470 2267 ερῑήοείυν,
510 2226 598 2257 soliis
634 2226 903 2258 involucralibus
942 2227 1097 2268 margine
1132 2225 1261 2257 dorsali
1301 2225 1408 2258 tribus
1443 2225 1602 2258 dentibus
1631 2237 1690 2257 or—

297 2285 399 2325 nati53
427 2296 545 2327 margo
575 2285 738 2316 ventralis
766 2296 874 2328 usque
901 2285 942 2316 ad
972 2293 1132 2327 quartum
1161 2297 1222 2328 par
1250 2286 1415 2317 soliorum
1444 2285 1691 2317 serrato-deu-

299 2350 396 2374 tntus.
447 2343 578 2375 Dentes
607 2343 934 2387 amphigastriorum
962 2345 1182 2387 superiorum
1210 2345 1337 2388 magni,
1363 2344 1478 2376 validi.

433 2401 599 2436 Gottsehe
626 2402 726 2436 Icon.
757 2402 851 2448 Hep.
879 2402 1001 2436 inedie.

233 2468 269 2497 Ὺ,
293 2458 538 2502 fluminenSis‚
566 2463 657 2494 soliis
686 2463 956 2494 involucralibus
983 2463 1197 2501 minoribns,
1244 2462 1396 2504 margine
1440 2461 1564 2491 dorsali
1600 2461 1689 2493 den-

296 2518 386 2550 tibus
422 2523 533 2563 parvis
572 2521 704 2553 obtusis
729 2533 837 2565 paene
875 2521 1039 2553 obsoletis
1067 2521 1250 2564 praeditis,
1277 2520 1527 2563 ampliigastiiis
1556 2521 1688 2561 magnis

295 2580 419 2619 patulis
463 2581 619 2622 margine
663 2582 825 2612 recurvis.
918 2583 1045 2612 Dentes
1091 2580 1416 2624 ampliigastriorum
1467 2580 1687 2621 superiorum

292 2639 405 2679 parvi,
442 2638 602 2671 subulaii.

247 2694 409 2729 Habitat
433 2697 620 2730 terrestris
653 2698 690 2731 in
728 2699 916 2732 umbrosis
945 2698 990 2732 ad
1018 2699 1153 2731 flumen
1181 2697 1414 2730 Amazonum
1443 2701 1480 2729 et
1505 2695 1541 2729 in
1573 2696 1687 2730 Minis

151 2753 413 2796 generalibus;
454 2755 501 2788 ad
531 2756 795 2791 Mandioccam
831 2757 867 2791 in
898 2758 1009 2792 Serra
1046 2757 1114 2790 dos
1152 2756 1300 2798 Orgaos
1336 2759 1374 2788 et
1407 2754 1453 2788 ad
1492 2755 1546 2789 St.
1575 2755 1685 2789 Joan.

151 2811 326 2856 Baptista
359 2813 530 2857 (Sellow,
567 2815 764 2859 Martius);
812 2816 849 2850 in
888 2816 1019 2850 Insula
1055 2814 1257 2848 Martinica
1295 2812 1501 2857 (Meissner
1536 2815 1572 2848 in
1612 2815 1685 2849 Hb.

149 2870 269 2915 Ldbg.
298 2883 332 2906 n.
362 2873 423 2917 13)
450 2872 486 2907 in
518 2873 591 2908 Ins.
620 2874 815 2910 Trinitatis
843 2875 1015 2918 (Kriiger
1034 2874 1070 2908 in
1087 2874 1162 2907 Hb.
1190 2873 1496 2915 Gottsche)—e‚
1525 2873 1560 2907 in
1588 2875 1681 2907 Bra-

153 2929 429 2976 siliaffleyrich
446 2933 482 2967 in
501 2932 576 2967 Hb.
593 2933 649 2978 L.)
670 2953 715 2959 -
739 2944 775 2975 γ,
805 2934 904 2977 apud
924 2934 993 2968 Rio
1007 2933 1161 2967 Janeiro
1189 2933 1250 2975 (ex
1266 2932 1341 2967 Hb.
1365 2933 1438 2966 Hk.
1461 2932 1497 2966 in
1517 2932 1591 2968 Hb.
1616 2932 1683 2973 N.)
