1824 3252
734 206 974 239 Anthoceros.
1538 208 1607 238 559

282 318 497 351 Anthoceros
515 321 728 362 caespiticium
754 318 809 352 De
822 319 965 352 Notaris
982 319 1097 351 Prim.
1115 317 1206 362 Hep.
1222 316 1298 350 ital.
1310 318 1566 362 p.6l.u.80.s.
1578 330 1606 349 e.

189 377 349 411 Habitat
375 378 411 411 in
441 377 623 411 umbrosis
652 378 698 410 ad
728 377 868 411 viarum
897 379 1012 411 latera
1039 378 1075 411 in
1106 377 1292 412 montibus
1310 376 1345 410 di
1362 376 1606 420 Cape-Terra

92 437 289 471 Sardiniae
329 437 501 470 australis
536 436 600 480 (de
636 436 809 477 Notaris‚
852 437 928 471 Hb.
967 437 1032 481 N.)
1069 456 1111 462 —
1151 440 1163 470 ἲ
1204 437 1247 469 In
1285 435 1446 469 Canaria
1486 434 1606 467 insula

92 496 337 539 (Despreaux
363 495 399 529 in
431 496 505 529 Hb.
534 496 619 539 Μ.).

187 556 270 595 „Ab
285 555 332 588 A.
359 555 557 595 (liclwtomo,
583 554 640 587 cui
663 554 855 588 frondibus
884 564 995 587 nervo
1022 554 1210 587 instructis
1237 564 1320 587 sese
1348 552 1502 593 addicit,
1531 551 1603 585 dii*-

93 615 185 647 ferre
212 614 358 647 videtur
383 614 429 647 ob
458 614 603 656 calyces
630 613 857 657 (involucra)
886 613 1060 655 integros,
1091 612 1313 657 frondesque
1341 613 1606 649 caulescenteS,

90 678 271 707 erectas.“
323 672 607 715 „Caespitosus‚
634 676 791 711 erectus,
819 672 1131 712 subcaulescens;
1160 672 1260 705 frons
1287 682 1419 715 nempe
1443 670 1603 705 erectiu-

90 733 212 771 scula,
248 732 390 765 inferne
428 737 625 775 angustata
660 731 928 772 crassiuscula,
963 741 1081 774 opaea
1116 730 1161 763 ad
1189 734 1212 763 2
1232 733 1287 764 -3
1315 730 1452 764 millim.
1478 730 1605 773 longit.

90 792 231 825 caulem
260 790 459 830 mentiens,
497 790 639 833 apicem
676 801 805 824 versus
838 791 875 824 in
914 790 1088 823 laminam
1124 788 1605 823 cuneiformi-multifidam

89 850 568 883 olivaceo-fuscescentem
595 859 786 892 expansa3
822 848 967 882 laciniis
1003 848 1247 892 planiuseulis
1274 848 1606 887 lato-linearibus,

90 910 255 951 margine
290 908 471 947 sinuosis,
520 907 627 950 apice
664 907 829 949 obtusis,
872 908 997 941 medio
1031 907 1342 948 subincrassatis‚
1377 904 1605 949 simplicibus

89 967 268 1000 iterumve
297 966 428 1000 bifidis.
481 966 576 1000 Rete
603 966 819 1000 cellularum
846 966 948 1008 rude,
976 966 1117 1006 laxum,
1144 966 1287 1000 cellulis
1305 966 1449 1009 magnis
1475 964 1601 998 diffor-

90 1027 230 1065 nribus,
263 1026 326 1059 vix
356 1026 426 1059 nisi
452 1025 522 1058 sub
551 1024 756 1058 acrioribus
784 1025 887 1059 vitris
914 1025 1136 1069 conspicuis.
1188 1026 1347 1059 Fructus
1374 1030 1514 1060 exeunt
1540 1023 1603 1057 ubi

89 1085 261 1118 cauliculi
297 1085 333 1118 in
370 1084 538 1118 frondem
574 1084 849 1127 explanantur,
892 1084 947 1118 vel
987 1084 1018 1118 si
1058 1084 1176 1118 mavis
1216 1085 1262 1118 ad
1303 1085 1445 1128 apicem
1488 1085 1602 1117 nervi.

91 1145 327 1178 lnvolucrum
355 1150 410 1176 est
444 1143 723 1186 cylindraceum
751 1154 813 1177 ore
846 1147 1080 1184 truncatum,
1112 1143 1319 1186 integrum,
1354 1143 1603 1177 millimetrum

89 1202 319 1244 longitudine
337 1202 401 1235 vix
420 1212 615 1246 superans.
652 1202 819 1245 Capsula
837 1206 973 1241 erecta,
1001 1202 1129 1236 leviter
1150 1203 1317 1243 curvula‚
1344 1202 1604 1242 crassiuscula,

88 1263 245 1301 obtusa,
288 1264 308 1295 7
345 1261 485 1294 millim.
525 1261 655 1303 longa,
699 1260 896 1294 columella
938 1260 1108 1294 filiformi.
1173 1261 1325 1295 Semina
1369 1260 1604 1299 muriculam,

88 1320 289 1354 elateribus
321 1320 507 1362 vaginatis
544 1319 782 1354 intermixtis,
833 1320 927 1353 Tota
962 1320 1090 1363 planta
1121 1320 1158 1352 in
1185 1319 1388 1354 individuis
1413 1320 1602 1363 procerio-

89 1380 189 1413 ribus
224 1382 264 1413 12
288 1379 428 1413 millim.
456 1378 616 1421 attingit,
643 1378 679 1411 in
707 1378 806 1412 sicco
834 1378 1190 1422 fusco-nigricans.⁴‘
1244 1378 1301 1413 De
1320 1379 1472 1414 Notaris
1498 1379 1521 1412 l.
1547 1390 1578 1411 c.

179 1437 345 1472 Adnot.
397 1438 456 1472 De
490 1438 757 1481 speciminibus
794 1438 966 1472 Canariis
1001 1437 1158 1471 dubium
1195 1443 1275 1479 est,
1314 1449 1360 1472 an
1397 1438 1522 1481 potius
1556 1438 1601 1471 ad

87 1496 133 1529 A.
154 1503 363 1542 punctatum
388 1497 610 1541 pertineant.

367 1570 422 1602 15.
472 1569 799 1604 Anthea-eros
825 1567 1154 1603 do‘claeotomus
1187 1567 1325 1601 Raddi.

181 1628 230 1662 A.
253 1627 387 1672 fronde
418 1634 550 1661 costata
581 1627 773 1661 sublimari
804 1628 1002 1661 dichotoma
1033 1639 1050 1660 e
1073 1632 1165 1660 costa
1196 1625 1314 1660 subtus
1338 1626 1512 1665 radicosa,
1546 1625 1602 1657 ’ἰη-

86 1684 218 1718 volucro
244 1685 396 1730 elonyato
419 1685 668 1720 subventrieoso
692 1699 749 1720 ore
774 1685 1057 1732 lii-quadrilobo.

277 1745 493 1777 Anthoceros
530 1746 750 1777 dichotomus
790 1745 912 1779 Radcli
941 1746 979 1779 in
1011 1744 1091 1779 Act.
1130 1745 1240 1779 Αοαά.
1276 1744 1370 1778 Sien.
1405 1742 1479 1776 IX.
1515 1748 1540 1775 t.
1567 1745 1600 1774 4.

360 1802 525 1836 Lindenb.
554 1804 645 1849 Hep.
672 1804 764 1837 Eur.
784 1816 823 1850 p.
854 1808 932 1839 114.
957 1817 992 1838 n.
1019 1809 1054 1839 3.
1106 1804 1209 1839 Naab
1221 1804 1267 1838 E.
1296 1804 1388 1849 Hep.
1412 1801 1504 1836 Eur.
1532 1801 1599 1834 IV.

355 1875 392 1906 p.
429 1862 619 1904 LXVIII,
652 1866 723 1896 326
755 1869 785 1895 et
812 1866 894 1897 345.
932 1875 967 1896 n.
1001 1867 1035 1897 3.
1096 1862 1153 1896 De
1174 1863 1321 1897 Nolaris
1356 1862 1472 1895 Prim.
1511 1860 1599 1905 Hel).

360 1920 446 1954 Ital.
471 1934 507 1966 p.
536 1924 595 1954 61.
622 1933 657 1955 η.
683 1924 742 1955 79.

274 1980 491 2011 Anthoeeros
526 1982 773 2024 polymorphus
808 1993 877 2013 var.
909 1990 933 2018 ‘r
968 1981 1189 2013 dichotomus
1238 1980 1361 2014 Racldi
1395 1982 1432 2013 in
1473 1979 1598 2024 Opusc.

356 2039 506 2084 scientis.
532 2040 569 2072 di
596 2038 678 2074 Bol.
707 2040 759 2073 II.
781 2052 821 2085 p.
849 2043 932 2074 359.

178 2096 337 2131 Habitat
363 2097 400 2130 in
425 2098 572 2132 ericetis
599 2098 677 2141 agri
697 2098 897 2133 Florentini
926 2099 1071 2142 (Raddi
1090 2099 1125 2132 in
1142 2099 1218 2133 Hb.
1234 2100 1312 2143 Lg„
1331 2095 1598 2138 N.etFunck);

82 2155 117 2188 in
146 2155 228 2188 udis
256 2155 453 2189 Sardiniae
480 2157 652 2191 australis
676 2157 754 2202 (De
772 2158 955 2202 Notaris).

335 2229 388 2260 16.
437 2228 761 2264 Anthoce-ros
787 2230 1128 2264 cras-§inermis
1156 2229 1205 2264 N.
1234 2230 1281 2262 ab
1310 2229 1353 2262 E.

179 2286 226 2318 A.
244 2285 373 2331 fronde
404 2287 606 2320 crassine7·vi
639 2287 766 2321 lineari
789 2287 981 2321 clicleocoma
1004 2287 1234 2334 subpinnata,
1270 2287 1371 2321 limbo
1395 2285 1598 2325 subzmdato,

81 2343 254 2378 involucro
278 2344 464 2391 cylinclrico
489 2351 647 2379 truncato
672 2346 811 2392 capsula
837 2346 942 2391 triplo
966 2347 1175 2393 rizztltuplore
1197 2346 1354 2380 breviori.

272 2404 486 2435 Antlioceros
514 2405 759 2437 dichotonms?
788 2406 924 2450 IIampe
949 2407 987 2439 ‘in
1013 2406 1082 2440 litt.

176 2462 277 2496 Inter
294 2462 475 2496 Liehenes
492 2463 623 2496 Indiae
646 2464 888 2498 occidentalis
917 2466 1005 2507 legit
1030 2466 1186 2508 Hampe.
1242 2463 1327 2497 Vidi
1356 2463 1392 2496 in
1421 2462 1496 2496 Hb.
1520 2461 1595 2504 Hp.

176 2519 311 2553 Differt
329 2532 349 2554 a
367 2521 618 2555 Demlrocerote
642 2523 808 2569 jamnica
830 2524 959 2557 fronde
988 2524 1242 2567 planiuscuffl,
1271 2534 1383 2557 nervo
1410 2522 1595 2560 crassiori,

81 2577 200 2611 fructu
238 2580 378 2614 ratione
413 2581 593 2615 involucri
631 2583 773 2618 maiori.
838 2583 992 2616 Limbus
1026 2585 1333 2617 membranaceus
1369 2581 1513 2615 frondis
1548 2582 1595 2613 ol)

82 2637 216 2670 limites
243 2640 471 2673 macularum
500 2641 589 2675 retis
615 2642 711 2676 latos
737 2643 967 2676 cancellatus
993 2642 1160 2686 margine
1187 2642 1353 2685 repando
1386 2644 1595 2675 crenatove.

83 2696 230 2730 Divisio
256 2697 396 2732 frondis
423 2710 553 2734 revera
580 2701 804 2743 dichotoina,
831 2702 893 2734 sed
923 2706 1117 2745 propterea
1144 2701 1242 2746 quod
1270 2701 1426 2735 alterum
1450 2703 1595 2733 tantum

81 2765 165 2788 crus
201 2766 381 2800 persaepe
414 2759 570 2794 ulterius
607 2761 762 2801 crescit,
798 2761 913 2794 altero
948 2771 1013 2794 ceu
1049 2759 1150 2794 brevi
1186 2760 1270 2794 lobo
1306 2759 1512 2800 residente,
1547 2768 1594 2791 ex

80 2814 299 2848 dichotomis
316 2820 404 2849 tunc
428 2828 513 2851 vero
533 2819 678 2853 laciniis
698 2820 940 2864 pinnatifidae
964 2820 1010 2853 ad
1030 2820 1191 2863 speciem
1217 2819 1396 2853 oriuntur.
1448 2817 1594 2851 Nervus

81 2871 118 2904 in
148 2873 273 2915 apices
301 2875 463 2908 omnium
492 2877 708 2913 laciniarum
736 2879 912 2914 excurrit.
963 2879 1080 2913 Frons
1106 2882 1127 2913 4
1144 2899 1158 2905 -
1176 2882 1198 2912 6
1219 2879 1280 2913 lin.
1303 2880 1423 2923 longa,
1449 2877 1594 2912 laciniis

81 2931 375 2976 divergentibus,
403 2935 545 2972 intense
574 2938 713 2974 viridis.
764 2939 949 2982 capsulae
978 2944 997 2974 4
1017 2943 1070 2972 -9
1098 2938 1159 2974 lin.
1189 2939 1330 2982 longae.
