1824 3252
770 190 957 233 Lejeunia.
1548 192 1617 222 319

108 305 376 347 remansi-ulis,
409 303 618 350 periantltiis
652 303 851 337 lateralibus
881 304 1000 348 pari-is
1031 301 1180 336 obomcis
1212 302 1308 335 dorso
1334 301 1481 336 Iaevibus
1509 309 1618 335 ventre

108 368 308 403 biearinatis
351 363 486 409 anyulis
526 362 724 397 lateralibus
756 370 786 396 et
819 363 948 396 carinis
980 360 1161 395 tuberculis
1192 363 1409 406 eaeasperatis.
1461 362 1618 395 Gottsclze

107 429 202 462 Ieme.
229 426 375 472 Lejeuu.
405 423 477 457 ΙΙΙ.
511 425 562 456 ll.

296 484 563 525 Jungermannia
596 483 773 524 parvifiora
822 481 868 514 N.
895 479 938 515 ab
964 480 1009 514 E.
1053 482 1091 514 in
1125 480 1239 514 ffiIart.
1273 478 1333 514 Fl.
1372 479 1479 512 Bras.
1517 480 1545 512 I.
1589 483 1615 512 l.

377 554 414 588 p.
441 544 525 575 353.
550 553 584 574 u.
611 542 670 573 35.

202 602 362 637 Habitat
388 602 432 635 ad
463 600 617 634 Flumen
646 600 889 632 Amazonum.

202 662 346 696 Ramus
373 660 513 704 spicam
538 659 782 693 mascularem
807 657 843 691 in
873 656 978 701 apice
1005 657 1136 691 habet:
1178 655 1278 690 brevi
1314 660 1424 690 antea
1462 660 1617 700 utroque

106 724 220 757 latere
260 731 381 755 ramos
418 718 596 752 femineos
633 716 834 757 emittens3
876 715 988 749 immo
1023 715 1106 759 ipsa
1143 715 1247 760 spica
1292 715 1456 749 mascula
1502 714 1618 758 gignit

106 781 300 817 ramulum,
327 780 420 813 duos
448 777 594 820 calyces
621 775 726 810 nobis
753 778 1031 809 monstrantem.

505 873 556 903 17.
605 870 863 915 Lejeania
891 867 1110 914 Grilyeri
1136 868 1254 913 Ldbg.

201 943 243 977 L.
270 941 365 976 caule
389 946 522 986 repente
535 940 694 986 flexuoso
718 939 902 972 ‹lichotome
919 951 1064 979 ramoso,
1079 939 1185 983 foliis
1203 940 1451 986 adpro-rimatis
1462 939 1617 985 oblonyo-

104 1004 212 1037 oratis
237 1000 364 1035 obtusis
388 1000 541 1044 maryine
565 997 715 1032 ventrali
738 997 950 1031 rectiusculis
976 997 1048 1030 basi
1071 1008 1138 1030 uon
1162 997 1215 1031 vel
1237 998 1375 1033 obsolete
1399 998 1618 1045 complicatis,

103 1060 364 1106 ampliiyastriis
404 1059 548 1092 minutis
588 1056 793 1092 distantibus
838 1055 1058 1090 subrotumlis
1090 1055 1224 1101 patulis
1262 1057 1489 1102 iuteyerrimis
1525 1059 1619 1104 apice

104 1120 244 1159 retusis,
283 1118 457 1152 involucro
490 1117 730 1162 inteyerrimo,
764 1115 966 1161 periantliio
997 1113 1134 1149 obaz-ato
1169 1128 1352 1162 compresso
1389 1117 1487 1150 dorso
1518 1118 1616 1157 uni-,

105 1185 218 1213 ventre
243 1178 445 1212 biom-inam.
504 1175 663 1209 Gottsclze
687 1174 781 1208 Ieon.
809 1174 953 1220 Lejeun.
982 1174 1072 1208 VII.

199 1236 359 1271 Habitat
383 1236 419 1270 in
447 1234 574 1268 Insula
600 1233 778 1267 Trinidad
804 1233 867 1267 ubi
895 1233 984 1276 legit
1011 1233 1167 1277 Criiger.

199 1298 369 1333 Maxime
405 1295 522 1330 affinis
548 1295 592 1330 L.
612 1294 824 1341 pari-{florae
851 1293 897 1327 N.
925 1294 972 1328 ab
1001 1295 1062 1335 E.,
1099 1293 1163 1329 sed
1198 1293 1286 1329 folia
1319 1305 1393 1329 non
1430 1295 1485 1329 vel
1521 1294 1617 1339 plica

104 1358 244 1392 minuta
271 1356 438 1392 obsolete
464 1354 707 1399 complicata,
736 1353 1002 1397 amphigastria
1028 1364 1158 1398 parva,
1184 1354 1327 1398 patula,
1354 1358 1489 1397 retusa,
1516 1354 1614 1398 peri-

103 1418 268 1452 antbium
302 1414 591 1459 integerrimum.
655 1414 697 1447 L.
718 1415 888 1459 jamnica
925 1414 1037 1448 habet
1068 1413 1157 1447 folia
1199 1412 1367 1448 breviora
1406 1412 1618 1448 evidentius

102 1476 280 1511 lobulata.

446 1548 500 1579 18.
550 1545 808 1591 Lejeumia
833 1544 1131 1588 Leprieurii
1162 1543 1281 1577 Mont.

202 1619 246 1653 L,
272 1616 368 1650 cizide
379 1615 618 1661 procumbente
642 1615 1031 1660 vagyefaseiculatimque
1055 1626 1200 1655 ramoso,
1226 1615 1336 1648 ramis
1355 1614 1617 1660 subfastiyiacis‚

95 1676 199 1721 foliis
226 1676 299 1709 [ατε
324 1674 515 1708 imbricatis
547 1673 679 1718 oblique
710 1673 1077 1719 oblmzyo-rotunclatis
1108 1672 1363 1718 subexplauatis
1386 1674 1619 1718 inteyerrimis

106 1735 179 1768 basi
203 1733 320 1767 subtus
344 1732 778 1778 decurrenti-complicatis
798 1732 895 1778 plica
912 1745 1025 1778 parva
1051 1739 1225 1773 truncata,
1252 1732 1512 1778 amphiyastriis
1525 1731 1619 1777 folio

107 1792 208 1838 duplo
241 1791 430 1825 minoribus
463 1790 713 1825 remotiusculis
745 1791 1007 1826 suborbiculatis
1041 1792 1272 1836 integerrimis
1305 1791 1420 1837 planis
1445 1789 1518 1824 basi
1541 1790 1618 1824 sub—

105 1850 384 1891 decurrentibus,
410 1850 619 1896 pericmtliiis
651 1850 857 1885 ancillaribus
891 1850 1131 1885 lateralibusve
1162 1849 1331 1884 sessilibus
1363 1849 1511 1884 obovatis
1542 1862 1617 1883 mu-

104 1912 255 1945 eronatis
279 1911 374 1944 dorso
396 1909 500 1955 plano
527 1909 795 1944 uuiearz'nulatz's
816 1917 932 1943 ‘ventre
957 1909 1008 1944 bi·
1034 1909 1176 1953 (rarius
1202 1910 1268 1943 tri·
1271 1910 1294 1955 )
1326 1910 1492 1943 carinatis
1525 1921 1617 1942 mar-

101 1970 239 2014 yinibus
263 1968 466 2014 cinyulisque
489 1968 699 2014 asperrimis.

189 2031 221 2069 β,
249 2028 405 2068 Curiaei,
431 2029 524 2059 caule
553 2029 782 2071 simpliciore,
811 2029 900 2059 foliis
926 2027 1106 2059 latim-Ibus
1133 2028 1296 2060 confertis
1325 2028 1496 2060 nonnullis
1525 2030 1617 2072 apice

247 2088 399 2119 deflexis.
450 2085 610 2119 Gottselze
635 2085 732 2119 leon.
757 2085 899 2132 queuu.
926 2085 1000 2119 ΙΙΙ.
1030 2088 1085 2119 12.

202 2147 292 2180 Plzr.
321 2145 463 2179 Cui-idei
487 2144 617 2187 (Curie
642 2145 680 2178 in
709 2145 785 2180 Hb.
813 2146 956 2180 Flotov.
983 2149 1020 2179 et
1047 2145 1126 2190 N.).

201 2205 244 2238 In
271 2204 408 2238 cortice
435 2204 608 2238 arborum
636 2203 811 2238 silvarum
839 2204 1057 2248 palustrium
1084 2203 1257 2238 Guianae
1284 2201 1477 2242 centralis,
1513 2199 1616 2234 Maio

106 2268 141 2299 et
165 2263 281 2298 Junio
306 2273 389 2297 cum
416 2263 535 2297 fructu
563 2267 708 2298 maturo
725 2263 923 2308 (Leprieur
948 2263 984 2297 in
1014 2263 1090 2298 Hb.
1120 2263 1173 2296 M.
1199 2266 1237 2296 et
1264 2261 1341 2305 N.).

200 2322 335 2357 Differt
370 2333 389 2355 a
424 2322 467 2355 L.
494 2323 710 2368 parviflora:
748 2323 845 2357 soliis
880 2322 1066 2367 plerisque
1100 2321 1213 2366 paulo
1245 2318 1477 2354 brevioribus
1510 2316 1616 2361 apice

106 2382 325 2422 rotundatis,
353 2380 549 2425 perianthii
568 2381 678 2415 dorso
705 2381 804 2423 uni-‚
831 2385 961 2416 ventre
988 2389 1252 2425 nonnunquam
1277 2377 1520 2417 3-carinato‚
1548 2386 1614 2409 an-

105 2441 201 2484 gulis
226 2439 452 2484 asperrimis.

200 2500 353 2534 Statura
387 2499 477 2533 satis
511 2499 702 2543 speciosa,
728 2498 929 2543 pollicaris.
981 2499 1091 2534 Color
1132 2498 1291 2533 obscure
1319 2495 1459 2530 viridis.
1512 2494 1616 2528 Retis

106 2558 274 2592 foliorum
321 2559 490 2592 maculae
534 2569 674 2602 parvae
721 2559 975 2593 subrotundae
1016 2557 1195 2592 limitibus
1240 2554 1376 2589 crassis
1420 2553 1615 2593 discretae,

106 2616 250 2650 mediae
283 2617 381 2650 circa
419 2617 524 2651 basin
561 2617 777 2660 ampliores,
812 2617 1050 2651 intercalares
1086 2616 1220 2650 nullae.
1279 2612 1546 2659 Amphiyastria
1580 2611 1615 2644 in

107 2675 229 2707 infima
256 2680 360 2718 parte
386 2676 504 2709 caulis
529 2675 705 2719 contigua
733 2681 798 2710 aut
823 2677 1038 2715 imbricata,
1071 2676 1108 2709 in
1144 2674 1254 2708 ramis
1291 2671 1522 2716 longioribus
1554 2670 1611 2703 di-

107 2733 256 2767 stantia.
306 2733 408 2767 Folia
441 2734 669 2769 involueralia
703 2735 837 2769 rameis
871 2734 1093 2775 conformia,
1131 2731 1434 2777 amphigastrium
1466 2728 1612 2763 involu-

107 2792 205 2826 crale
242 2791 430 2834 exiguum.
494 2793 703 2827 Pm-iaoztlzia
739 2805 873 2838 parva,
922 2793 1092 2828 axillaria
1127 2793 1164 2827 in
1204 2789 1427 2826 dichotomia
1468 2792 1506 2823 et
1543 2787 1614 2821 alia

111 2850 279 2885 lateralia
304 2850 341 2884 in
377 2851 490 2886 latere
516 2851 678 2886 interiori
708 2853 819 2895 rami,
854 2853 1001 2897 singula
1028 2853 1112 2886 hinc
1138 2848 1405 2895 provenientia.
1458 2846 1616 2880 Fructus

107 2911 222 2945 deest.
275 2909 386 2953 Spica
413 2911 578 2944 mascula
604 2922 728 2945 ramus
754 2911 878 2955 stirpis
904 2912 1125 2946 fructiferae.
