1824 3252
166 201 238 233 542
677 195 861 230 Sauteria.
914 193 1165 230 Dumortiera.

261 310 422 345 Habitat
448 309 484 342 in
511 306 817 351 regniChilensis
845 305 1027 341 montium
1067 305 1128 346 „la
1144 305 1298 340 Leona“
1327 305 1511 342 dictorum
1540 310 1690 353 pascuis

165 369 330 414 locisque
356 367 536 412 glareosis
561 367 737 409 (Bertero
763 365 801 400 in
830 366 907 401 Hb.
937 365 1143 399 Delessert.
1171 375 1205 398 n.
1231 368 1314 408 354,
1342 366 1396 400 Μ.
1424 370 1461 400 et
1489 366 1569 411 N.).

261 439 396 473 Difl'ert
421 449 444 471 a
468 437 638 471 Sautere'a
661 436 795 482 alpina,
821 440 970 480 praeter
997 439 1104 470 notas
1131 435 1167 469 in
1195 435 1365 479 diagnosi
1389 436 1592 478 exhibitas,
1620 450 1685 482 pe-

162 498 325 531 dunculo
351 495 505 539 longiori
534 497 603 540 (8-
626 498 670 529 12
695 495 759 530 lin.
786 496 911 539 longo)
937 495 1039 540 poris
1065 494 1273 538 superficiei
1299 495 1457 529 dorsalis
1484 495 1689 531 minoribus

162 555 284 588 minus
302 554 528 598 conspicuis,
555 556 624 589 reti
650 554 763 589 etiam
790 554 897 589 strati
923 554 1083 589 dorsalis
1110 553 1292 594 obsoleto,
1318 557 1445 588 centro
1464 556 1688 598 receptaculi

161 614 277 648 infero
303 614 454 648 omnino
480 614 660 656 imberbi,
695 615 851 658 capsula
879 614 993 658 duplo
1020 613 1095 648 fere
1122 612 1295 647 crassiori
1331 613 1372 656 (ὲ
1403 613 1465 649 lin.
1493 614 1688 658 diametro)

161 673 342 716 pedicello
369 673 479 717 triplo
507 673 664 708 breviori
692 674 843 708 suffulta
879 673 1078 719 (capsulae
1104 672 1275 706 diametri
1306 672 1367 706 vix
1396 677 1568 717 quartam
1598 685 1684 718 par-

160 736 234 766 tem
260 733 465 779 metiente).

229 840 328 881 LV.
369 839 496 891 (VI.)
537 836 958 882 Dumortiera
988 836 1184 888 Reinw.‚
1217 838 1286 878 Bl.
1320 844 1364 879 et
1396 837 1455 881 N.
1490 841 1542 881 ab
1574 840 1627 882 E.

158 923 193 955 in
221 921 309 954 Nor.
336 920 417 954 Act.
448 920 515 954 Ac.
543 919 591 952 N.
621 918 661 952 C.
689 918 780 952 VII.
807 921 841 971 2.
864 931 902 964 p.
929 922 1013 953 410.
1076 921 1125 954 Ν.
1152 919 1195 954 ab
1220 920 1266 954 E.
1297 920 1390 966 Hep.
1418 920 1501 955 Jav.
1522 933 1559 967 p.
1593 926 1627 956 4.
1654 930 1685 956 ec

156 983 194 1015 in
222 981 337 1015 ῘΙΙαιέ.
365 979 426 1016 Fl.
460 982 568 1015 Bras.
599 981 628 1014 l.
671 984 702 1014 1.
735 992 771 1025 p.
798 982 882 1015 306.
919 986 951 1014 et
989 981 1027 1015 in
1066 979 1187 1014 Limll.
1215 979 1353 1013 Introcl.
1392 981 1443 1014 ecl.
1469 982 1504 1014 2.
1537 993 1575 1027 p.
1602 985 1683 1016 414.

162 1040 251 1087 Hel).
266 1041 357 1076 Eur.
386 1041 456 1076 IV.
485 1053 524 1086 p.
552 1039 690 1073 XXX.
724 1046 756 1073 et
790 1042 867 1074 151.
894 1034 1107 1075 n.V1.⁰L.
1135 1045 1166 1072 et
1193 1039 1259 1082 Ly.
1288 1038 1384 1083 Puy.
1404 1037 1457 1084 pl.
1486 1038 1555 1072 IV.
1587 1052 1622 1085 p.
1649 1045 1683 1074 3.

158 1100 333 1146 Bisclaeqff.
363 1102 399 1134 ιή
426 1101 515 1135 Νου.
543 1100 626 1134 Act.
654 1100 719 1133 Ac.
748 1099 796 1134 N.
826 1099 866 1133 C.
902 1099 1040 1134 XVII.
1066 1102 1101 1133 2.
1124 1110 1162 1144 p.
1196 1100 1279 1132 969.
1318 1111 1352 1131 u.
1390 1100 1425 1132 2.
1465 1104 1496 1130 et
1528 1111 1568 1144 p.
1602 1103 1685 1134 975.

156 1159 348 1194 Endle'cliei·
376 1160 463 1194 Gen.
491 1172 530 1206 p.
553 1163 611 1194 45.
640 1166 671 1193 et
700 1161 803 1193 1338.
840 1169 875 1192 n.
902 1160 985 1193 469.
1050 1157 1284 1201 Hygrophila
1319 1157 1475 1203 Illaekay
1507 1156 1566 1191 Fl.
1595 1158 1682 1192 Hib.

157 1220 209 1254 ΙΙ.
238 1233 276 1266 p.
312 1224 371 1255 53.
432 1219 652 1263 Hygropyla
690 1217 822 1264 Taylor
856 1218 892 1251 ἰη
926 1217 1035 1252 Linn.
1072 1217 1259 1250 Transace.
1294 1215 1428 1250 XVII.
1463 1219 1496 1249 3.
1535 1229 1572 1262 p.
1600 1221 1682 1252 390.

156 1279 416 1313 Marchantiae
443 1289 544 1322 spec.
573 1278 713 1311 Set-art:
739 1283 770 1310 et
795 1282 903 1310 au'ctt.

252 1362 548 1406 Receptaculum
575 1359 775 1394 femineum
803 1358 1098 1403 pedunculatum
1127 1356 1420 1397 bi-octofidum,
1447 1367 1561 1401 saepe
1588 1357 1678 1391 irre-

153 1422 282 1467 gulare
309 1421 513 1465 setulisque
540 1420 763 1463 inspersum,
791 1418 886 1452 lobis
907 1416 1107 1451 fructiferis
1126 1417 1172 1451 ad
1190 1417 1298 1451 basin
1317 1416 1539 1458 coniunctis,
1567 1417 1682 1452 radiis

154 1482 359 1516 interiectis
385 1480 496 1514 nullis
515 1484 579 1513 aut
600 1477 897 1517 obsoletissimis,
925 1476 1044 1510 centri
1075 1477 1190 1510 barba
1219 1475 1467 1520 stenopbylla.
1522 1475 1677 1510 Pedun-

155 1542 263 1576 culus
298 1540 420 1575 frondi
453 1539 655 1573 continuus
686 1537 867 1572 involucri
903 1535 1069 1581 squamis
1102 1536 1256 1570 caducis
1288 1535 1432 1580 paucis.
1486 1534 1686 1570 Involucra

155 1601 306 1645 propria
344 1604 398 1634 tot
436 1603 527 1643 quot
564 1597 725 1632 laciniae
765 1593 1015 1641 receptaculi,
1063 1606 1083 1630 e
1122 1595 1304 1629 lateribus
1343 1594 1565 1628 laciniarum
1605 1596 1685 1629 basi

155 1660 342 1703 contiguis
368 1658 550 1699 orientia,
590 1658 697 1701 apice
723 1656 982 1697 subdiscreta‚
1031 1655 1214 1698 oblonga,
1255 1655 1453 1697 tubulosa,
1494 1655 1541 1688 ab
1579 1655 1685 1698 apice

153 1717 327 1752 deorsum
369 1720 461 1752 rima
503 1716 760 1758 dehiscentia,
807 1725 1058 1758 monocarpa,
1098 1714 1200 1748 nuda
1243 1713 1420 1748 setulisve
1465 1724 1679 1758 conspersa.

154 1777 412 1812 Perianthium
441 1777 595 1811 nullum.
651 1775 798 1810 Pistilla
825 1773 1092 1815 horizontalia;
1127 1772 1297 1817 calyptra
1322 1773 1502 1813 obovata‚
1529 1772 1565 1806 in
1595 1783 1677 1807 ver-

153 1837 225 1871 tice
266 1847 466 1880 rumpens,
506 1835 700 1870 involucro
741 1834 906 1875 brevior,
960 1832 1177 1877 persistens.
1241 1833 1406 1877 Capsula
1440 1832 1680 1876 subglobosa,

153 1896 407 1940 irregulariter
446 1894 674 1940 semiquadri
694 1915 710 1920 -
728 1894 831 1938 (sex)
848 1913 864 1919 -
883 1893 1023 1933 valvis,
1076 1892 1297 1933 chartacea,
1338 1892 1680 1937 brevipedicellata‚

153 1955 336 1999 pedicello
362 1955 530 1998 calyptra
560 1953 721 1987 breviori
757 1952 839 1985 basi
877 1951 1035 1985 bulboso
1062 1951 1224 1985 solubili.
1275 1952 1443 1986 Elateres
1469 1943 1680 1995 parietales‚

153 2013 391 2057 bi-trispiri‚
426 2011 588 2046 decidui.
648 2010 930 2045 lnssorescentia
954 2010 1164 2043 masculina
1190 2009 1416 2044 disciformis
1444 2016 1509 2045 aut
1535 2010 1675 2054 pateri-

154 2073 307 2113 formis,
343 2070 726 2115 brevipedunculata,
761 2069 895 2103 subtus
922 2069 1123 2112 paleacea,
1152 2069 1318 2113 margine
1343 2070 1491 2113 (saltem
1515 2068 1553 2103 in
1580 2072 1679 2103 statu

152 2131 323 2178 iuvenili)
349 2131 487 2166 ciliata.
542 2131 756 2175 Apparatus
782 2128 1035 2173 gemmiparus
1061 2128 1197 2162 nullus.

248 2204 368 2237 Frons
404 2201 595 2246 speciosa,
648 2201 726 2235 lata
772 2204 811 2234 at
850 2199 995 2241 tenuis,
1041 2197 1184 2240 mollis,
1229 2201 1335 2232 costa
1367 2196 1482 2231 debili
1519 2196 1679 2233 discreta

151 2263 209 2298 vel
236 2262 449 2304 subterfusa,
481 2261 694 2296 dichotoma
722 2263 786 2293 aut
811 2270 860 2293 ex
887 2258 994 2302 apice
1021 2258 1239 2302 simpliciter
1274 2256 1473 2298 continua,
1508 2258 1676 2292 subtilis-

151 2324 243 2358 sime
269 2323 481 2357 venuloso-
499 2321 631 2355 striata
657 2324 722 2353 aut
749 2318 923 2354 radiatim
949 2318 1167 2358 reticulata,
1207 2317 1307 2361 poris
1333 2316 1510 2351 obsoletis
1538 2317 1680 2362 absque

150 2383 279 2418 ordine
307 2381 448 2427 sparsis
481 2379 640 2415 nullisve
673 2378 825 2414 omnino
859 2377 1050 2422 praedita,
1086 2377 1218 2411 subtus
1250 2376 1470 2420 plerumque
1504 2376 1680 2410 radiculis

151 2442 317 2488 undique
343 2451 545 2485 conspersa
573 2443 685 2484 atque
713 2439 807 2473 adeo
834 2437 952 2482 magis
977 2437 1145 2471 minusve
1171 2436 1337 2477 hirsuta,
1370 2435 1430 2469 vel
1456 2445 1680 2479 esquamosa

150 2501 208 2535 vel
250 2501 417 2546 squamis
455 2499 550 2534 raris
589 2498 725 2533 obsita.
792 2498 960 2532 Stratum
996 2497 1251 2531 catenulatum
1288 2496 1520 2539 hypoporum
1558 2494 1678 2536 deest,

151 2560 239 2595 solis
265 2559 409 2594 cellulis
436 2557 718 2602 chromuligeris
744 2556 924 2592 subiectis
958 2556 1179 2601 epidermidi
1216 2565 1301 2589 cum
1335 2557 1453 2589 strato
1487 2554 1680 2599 hypoporo

149 2618 320 2653 cocunte.

247 2689 409 2723 Plantae
431 2693 642 2731 terrestres,
668 2688 761 2723 locis
783 2688 868 2723 udis
890 2687 1115 2732 irriguisque
1134 2689 1357 2728 crescentes,
1383 2685 1481 2720 laete
1501 2684 1677 2720 virentes.

246 2760 474 2796 Distributio
509 2760 763 2805 geographica
798 2759 1008 2804 specierum
1040 2761 1063 2793 6
1098 2758 1189 2792 baec
1216 2761 1285 2792 est.
1345 2757 1404 2791 Ex
1431 2756 1490 2791 his
1517 2756 1614 2790 duae
1640 2756 1677 2790 in

150 2819 301 2864 Europa
335 2824 510 2855 crescunt
542 2824 580 2855 et
617 2820 736 2855 altera
768 2819 919 2864 quidem
951 2817 1029 2861 (D.
1056 2817 1217 2863 irriyua)
1252 2817 1289 2851 in
1328 2816 1524 2855 Hibernia,
1559 2815 1675 2849 altera

150 2889 247 2922 quae
281 2879 381 2914 sedis
414 2880 537 2914 adhuc
569 2882 627 2914 est
658 2877 798 2913 dubiae
833 2877 929 2922 (scil.
957 2876 1007 2911 D.
1035 2876 1241 2922 Spcttltysii)
1285 2876 1323 2910 in
1352 2876 1515 2919 Corcyra
1552 2873 1677 2908 insula

150 2936 246 2971 lecta
284 2943 353 2973 est.
417 2939 601 2983 Reliquae
640 2938 786 2982 species
833 2941 1035 2981 proventus
1086 2940 1174 2970 sunt
1224 2946 1402 2970 zonarum
1443 2933 1676 2974 calidiorum‚
