1824 3252
189 178 235 207 66
851 170 1052 214 Suapania.

270 288 329 326 δὴ
355 292 521 330 anqusta,
562 286 656 317 caule
680 285 892 327 subsimplici
919 287 1022 326 longo
1051 293 1212 327 angusto,
1249 285 1338 317 foliis
1365 286 1621 329 subaequilobis
1649 299 1707 318 ro-

333 346 480 379 tundatis
506 344 719 376 denticulatis
746 343 891 385 pallidis,
920 344 1001 375 lobo
1030 343 1156 375 dorsali
1182 345 1297 388 patulo
1326 347 1467 378 ventrali
1495 358 1660 379 convexo.

467 402 514 436 N.
539 400 581 434 ab
609 400 655 435 E.
685 400 778 445 Hep.
808 400 900 434 Eur.
929 401 979 434 ΙΙ.
1002 413 1040 447 p.
1067 404 1149 436 428.

273 477 298 505 ε,
322 464 489 509 speciosa,
526 461 619 491 caule
647 461 920 501 3-4—pollicari
954 462 1087 493 inferne
1122 462 1314 503 denudato,
1345 464 1434 495 soliis
1468 464 1501 495 in
1537 465 1707 506 superiori

329 531 420 566 parte
449 518 713 551 consertioribus
739 518 1034 562 viridi—roseoque
1061 523 1172 562 variis,
1197 522 1285 554 lobis
1312 522 1513 563 rotundatis,
1538 524 1707 567 superiori

329 579 624 617 subincumbente‚
651 578 807 609 inferiori
833 578 983 611 decurvo
1012 589 1205 612 extrorsum
1232 581 1453 613 denticulato.

461 636 509 669 N.
536 635 578 669 ab
606 635 652 669 E.
689 635 784 681 Hep.
812 636 904 670 Eur.
941 637 970 671 Ι.
992 650 1029 683 p.
1061 641 1139 674 185.
1176 639 1227 672 ΙΙ.
1256 651 1296 684 p.
1322 641 1406 673 428.
1459 639 1569 674 Herb.
1598 640 1703 674 Mon-

518 701 612 739 tayu.
639 706 673 728 η.
704 697 785 734 145,

457 756 725 797 Jungermannia
752 756 924 798 planisolia
953 755 1053 790 Hic'b.
1081 757 1175 803 Hep.
1205 757 1325 791 Germ.
1346 769 1385 802 p.
1412 760 1494 792 228.
1520 770 1556 792 n.
1582 760 1641 793 96.

255 833 268 851 ε
288 819 321 858 5⁶,
348 813 555 855 chlorotica,
588 815 677 846 foliis
715 816 950 858 superioribus
978 816 1173 849 chloroticis
1199 818 1373 861 plerisque
1401 818 1471 849 sere
1499 818 1666 850 candidis.

189 892 232 932 B,
276 890 364 921 soliis
400 887 630 928 integerrimis
665 887 718 919 vel
745 885 996 919 obsoletissime
1031 888 1247 921 denticulatis
1280 889 1486 932 plerumque
1513 888 1704 920 confertio-

276 948 369 979 ribus
397 946 572 988 magisque
596 944 885 985 incumbentibus,
911 946 992 978 lobo
1017 948 1186 990 superiori
1200 948 1374 991 plerisque
1394 949 1540 988 minore,
1568 947 1702 990 (rarius,

275 1018 376 1049 quam
404 1006 437 1036 in
464 1015 532 1036 var.
559 1002 608 1045 A,
635 1004 836 1036 inferiorem
863 1005 1043 1048 aequante)
1073 1007 1168 1039 caule
1195 1017 1294 1050 saepe
1322 1006 1499 1050 rigidiore.

371 1062 419 1096 N.
445 1061 487 1096 ab
516 1061 561 1095 E.
589 1062 684 1107 Hep.
714 1062 805 1096 Eur.
834 1062 856 1096 l.
882 1075 909 1096 c.

369 1124 495 1157 Radula
523 1124 684 1156 undulata
712 1123 823 1157 Dum.
853 1122 875 1157 l.
902 1135 931 1157 c.
958 1134 992 1156 n.
1019 1125 1078 1157 21.

366 1185 635 1226 Jungermannia
661 1183 825 1215 undulata
854 1182 937 1216 Lin.
956 1182 1019 1228 Sp.
1036 1181 1088 1228 pl.
1105 1194 1143 1227 p.
1163 1185 1265 1217 1598.
1319 1182 1434 1216 Hook.
1466 1182 1562 1216 Brit.
1587 1183 1699 1228 Juny.

452 1248 477 1275 t.
506 1244 564 1275 22.
616 1241 746 1276 Ekart.
774 1241 863 1287 Syn.
889 1241 1000 1286 Juny.
1035 1247 1060 1274 t.
1088 1244 1122 1274 2.
1146 1241 1185 1286 f.
1216 1244 1271 1276 14.
1323 1241 1381 1274 De
1407 1241 1553 1275 Notaris
1583 1241 1698 1275 Prim.

453 1300 547 1345 Hep.
575 1299 650 1334 ital.
671 1312 710 1345 p.
743 1303 794 1334 18.
822 1312 855 1334 η.
886 1302 940 1335 18.
995 1299 1170 1335 Exsiccat.
1199 1299 1341 1334 Hz‘iben.
1367 1306 1401 1335 et
1428 1300 1697 1346 Gentlt.Hepat.

452 1359 571 1393 Germ.
600 1360 674 1395 111.
701 1372 736 1394 n.
762 1362 823 1394 68.

257 1433 291 1462 a,
315 1431 515 1467 purpurea,
550 1421 645 1452 caule
686 1421 843 1462 elongato
870 1421 1079 1459 laxiusculo,
1116 1420 1206 1451 soliis
1233 1421 1340 1451 roseis
1366 1421 1418 1452 vel
1443 1429 1697 1464 purpurascen-

319 1482 406 1513 tibus
434 1479 594 1518 flaccidis,
621 1479 710 1511 lobis
737 1479 1097 1511 subincumbentibus.

451 1538 498 1571 N.
525 1537 567 1571 ab
592 1537 640 1571 Ε.
667 1538 760 1583 Hep.
790 1537 882 1572 Eur.
910 1537 932 1572 l.
961 1550 989 1572 c.

251 1604 284 1642 β,
313 1600 406 1631 caule
427 1600 583 1631 breviore
603 1600 766 1638 firmiore,
783 1600 871 1630 soliis
886 1600 986 1642 paulo
1004 1599 1116 1630 minus
1131 1598 1282 1631 flaccidis
1298 1599 1502 1641 plerumque
1518 1596 1695 1629 viridibus.

449 1657 496 1690 N.
522 1656 564 1690 ab
591 1657 637 1690 E.
667 1657 759 1703 Hep.
789 1657 881 1692 Eur.
910 1656 931 1690 l.
959 1669 987 1694 c.

448 1717 715 1759 Jungermannia
759 1717 924 1749 undulata
972 1716 1087 1750 Hook.
1139 1716 1262 1761 Mony-
1308 1721 1341 1749 et
1384 1714 1495 1749 Nestl.
1542 1714 1597 1748 St.
1644 1726 1693 1747 cr.

509 1773 747 1818 V09.-then.
774 1775 844 1810 IV.
871 1787 906 1809 n.
933 1777 1017 1809 336.

242 1838 305 1875 βι,
332 1835 418 1866 soliis
445 1834 639 1876 patentibus
666 1835 868 1877 laciniisque
894 1836 1027 1877 patulis.

448 1890 578 1933 (Hei-b.
606 1890 795 1936 Montaqn.
820 1903 854 1924 n.
887 1892 985 1935 146.)

247 1953 313 1991 (32,
341 1951 427 1983 toliis
454 1952 561 1993 magis
589 1950 867 1983 incumbentibus
894 1950 1059 1983 viridibus
1086 1951 1138 1981 vel
1166 1952 1283 1981 roseis.

446 2008 624 2043 Exsiccat.
642 2007 786 2042 Hic'ben.
802 2014 834 2041 et
847 2007 975 2042 Genth.
992 2008 1086 2054 Hep.
1102 2007 1219 2041 Germ.
1243 2008 1273 2042 I.
1288 2019 1323 2042 n.
1345 2009 1398 2049 16,
1418 2010 1489 2040 17.-
1527 2007 1691 2043 Gotts'clce

504 2067 557 2102 Ic.
587 2067 681 2113 Hep.
715 2068 808 2102 ined.
860 2067 977 2101 Illont.
1005 2066 1067 2103 Pl.
1095 2066 1170 2102 cell.
1200 2067 1275 2101 Ins.
1305 2066 1391 2100 Can.
1419 2065 1441 2099 l.
1468 2078 1495 2099 c.

442 2128 651 2170 Plagiochila
678 2127 881 2160 denticulata
914 2125 1028 2161 Herb.
1056 2126 1208 2172 Hampe.

238 2191 309 2228 (33,
336 2197 453 2228 erosa,
480 2188 571 2219 soliis
598 2186 856 2229 subaequilobis
881 2187 955 2218 latis
982 2188 1015 2218 in
1044 2188 1138 2230 apice
1165 2197 1343 2218 ramorum
1370 2185 1473 2218 dense
1501 2185 1688 2218 imbricatis

307 2248 437 2278 laciniis
466 2248 584 2278 erosis.
611 2244 815 2289 (Frustulia
834 2243 1007 2290 pectinali
1033 2244 1105 2288 Ay.
1132 2244 1340 2288 inquinatis.)

235 2309 299 2345 (34,
331 2303 479 2346 isoloba,
517 2306 611 2336 caule
646 2313 683 2336 ut
721 2306 753 2336 in
790 2300 894 2337 Bssl
933 2313 964 2336 et
992 2305 1054 2344 βΖ,
1093 2305 1258 2336 foliorum
1297 2304 1384 2336 lobis
1420 2303 1685 2346 subaequalibus

307 2364 498 2395 rotundatis
524 2364 772 2405 integerrimis3
799 2364 928 2395 viridis.

442 2421 489 2454 Ν.
515 2421 557 2455 ab
585 2421 632 2454 E.
660 2421 754 2467 Hep.
784 2421 875 2456 Eur.
905 2421 979 2455 ΙΙΙ.
1000 2433 1041 2467 p.
1066 2425 1150 2456 521.

243 2485 307 2522 βό,
337 2483 376 2524 0⁷*
407 2482 495 2512 soliis
521 2482 694 2524 plerisque
729 2493 847 2523 grosse
874 2481 1069 2524 cuspidatis.

441 2538 487 2570 N.
514 2537 555 2571 ab
584 2538 631 2572 E.
658 2538 752 2583 Hep.
781 2538 874 2573 Eur.
902 2538 954 2572 ΙΙ.
975 2550 1013 2584 p.
1040 2541 1122 2573 429.

237 2610 272 2637 γ,
299 2596 458 2637 humilis,
487 2597 701 2629 decumbens
729 2597 1024 2641 adscendensque.

437 2654 486 2689 N.
513 2654 555 2688 ab
582 2654 629 2689 E.
658 2653 682 2688 l.
709 2667 737 2689 c.

229 2716 300 2756 ’νὴ
321 2725 524 2760 purpurea,
560 2714 640 2745 lobo
670 2715 809 2746 ventrali
836 2715 930 2757 apice
957 2715 1114 2747 distincte
1142 2715 1290 2748 dentato.

436 2773 484 2807 N.
512 2772 554 2806 ab
581 2771 628 2805 E.
656 2771 750 2817 Hep.
780 2771 874 2806 Eur.
904 2772 956 2807 II.
978 2784 1018 2817 p.
1044 2775 1128 2806 429.

251 2846 393 2879 Omnes
419 2843 620 2878 varietates
648 2842 819 2877 habitant
844 2841 880 2875 in
909 2841 1024 2885 sylvis
1052 2843 1240 2878 montanis
1267 2843 1352 2878 udis
1378 2844 1425 2878 ad
1453 2848 1610 2886 terram,
1638 2845 1677 2879 in

154 2904 271 2947 pratis
298 2903 406 2948 udis,
445 2903 493 2938 ad
518 2902 682 2947 parietes
707 2901 851 2937 viarum
879 2911 1054 2936 cavarum
1093 2902 1207 2937 totius
1235 2903 1419 2947 Europae.
1472 2904 1516 2938 In
1543 2903 1676 2938 Italia:
