1824 3252
172 171 244 205 284
827 163 1059 209 Bryopteris.

173 284 368 327 auricula
410 281 653 339 appellato3
706 279 799 321 aliis
848 278 953 319 solia
1001 283 1101 319 sunt
1144 279 1330 334 integra,
1376 280 1469 321 basi
1520 281 1701 322 ventrali

173 361 412 396 antrorsum
459 352 624 392 reflexa
663 349 863 403 caulique
900 348 1058 389 adnata
1087 348 1273 403 ideoque
1305 354 1477 390 saccata
1506 351 1701 405 margine

172 423 342 479 integro
385 427 459 464 aut
499 420 609 460 ultra
649 420 693 459 in
736 418 923 458 lobulum
964 423 1238 459 excurrente.
1302 417 1627 474 Amphigastria
1657 420 1701 461 in

171 495 391 550 plerisque
423 492 599 541 adsunt,
643 496 717 531 aut
756 491 926 544 integra
965 495 1038 530 aut
1077 488 1232 536 bifida,
1272 487 1386 528 foliis
1424 490 1588 530 minora
1628 495 1703 530 aut

171 565 223 604 iis
255 561 554 617 magnitudine
585 560 796 615 aequalia,
830 565 1005 601 textura
1034 559 1148 600 foliis
1182 558 1352 600 similia.

288 632 472 673 Plantae
504 636 579 672 aut
609 630 858 679 corticolae,
892 636 966 671 aut
985 629 1202 670 soliicolae
1225 634 1300 670 aut
1320 628 1555 678 saxicolae‚
1589 628 1702 669 radi-

173 703 280 745 culis
320 703 494 743 minutis
536 702 579 741 in
621 701 724 741 toris
765 700 963 740 discretis
1010 698 1513 754 subampbigastrialibus
1554 698 1622 738 vel
1658 699 1701 739 in

172 772 576 827 amphigastriorum
599 770 724 810 dorso
750 770 985 825 dispositis,
1019 769 1140 810 caule
1172 769 1358 823 ideoque
1386 768 1515 818 nudo,
1548 783 1702 823 repen-

171 848 257 892 tes,
301 843 426 897 apice
466 840 650 881 subinde
682 839 1024 889 adscendentes,
1067 839 1213 880 babitu
1253 837 1516 893 plumuloso,
1560 836 1702 878 colore

172 911 313 959 viridi,
348 911 443 951 rufo
476 911 678 959 fuscove,
713 915 903 950 staturae
935 909 1156 958 diversae,
1190 908 1283 949 aliis
1317 908 1479 963 quippe
1512 908 1701 962 exiguis,

173 981 266 1022 aliis
299 987 449 1022 contra
481 980 706 1035 speciosis.

289 1050 520 1091 Subtribus
553 1055 688 1099 vasta,
724 1050 953 1090 maximam
987 1054 1152 1104 partem
1185 1054 1324 1089 terrae
1356 1047 1495 1102 plagis
1527 1046 1703 1088 calidio-

172 1121 287 1161 ribus
320 1120 553 1175 adscripta.

526 1223 735 1265 XXXI.
796 1221 1173 1280 Bryopteris
1212 1222 1356 1278 Ldbg.

170 1294 364 1330 Frullania
412 1294 641 1338 Subgeneris
682 1294 733 1327 ΙΙ.
776 1292 1033 1337 Bryopteridis
1066 1305 1187 1338 specc.
1229 1295 1274 1329 N.
1309 1294 1351 1327 ab
1385 1295 1431 1328 Ε.
1474 1296 1566 1342 Hep.
1612 1295 1703 1330 Eur.

171 1355 245 1389 III.
274 1368 312 1402 p.
347 1358 429 1388 211.
469 1354 574 1398 (arel.
608 1367 683 1399 yen-
719 1353 931 1387 Schultesia
966 1354 1124 1399 Racldi).
1213 1354 1377 1389 *tullii-her
1413 1355 1499 1389 Gen.
1530 1368 1569 1401 p.
1601 1357 1703 1389 1341.

169 1411 491 1458 Jungermauniae
519 1425 641 1458 specc.
664 1413 804 1447 Sec-art:
831 1419 863 1446 et
888 1419 996 1447 aucit.

279 1474 511 1518 Monogyna.
583 1473 841 1508 Periantbium
885 1473 922 1506 in
969 1473 1113 1507 ramulo
1154 1473 1304 1517 proprio
1351 1474 1454 1508 brevi
1497 1474 1703 1517 terminale,

171 1534 412 1579 triquetrum,
457 1534 568 1568 dorso
596 1543 808 1567 convexum
842 1532 967 1575 laeve,
1002 1538 1131 1567 ventre
1167 1534 1291 1568 medio
1326 1535 1553 1578 carinatum,
1597 1536 1704 1580 apice

171 1595 412 1629 subrexusum
439 1593 659 1627 mucronulo
685 1593 873 1627 tubuloso.
926 1592 1115 1627 Involucri
1151 1594 1240 1628 folia
1274 1595 1530 1639 subquaterna
1556 1597 1702 1640 amphi-

173 1654 386 1698 gastriaque
404 1653 600 1692 diss'ormia‚
629 1652 815 1695 elongata,
842 1652 1091 1696 inaequaliter
1108 1652 1230 1687 bifida.
1276 1654 1454 1698 Calyptra
1480 1655 1704 1698 pyrfformis,

172 1714 307 1754 tenuis,
336 1713 552 1758 persistens,
580 1712 675 1755 stylo
703 1712 813 1755 longo
840 1717 1033 1754 coronata,
1061 1712 1156 1747 iufra
1185 1714 1358 1747 verticem
1386 1714 1707 1758 longitudinaliter

172 1783 361 1817 rumpens.
417 1773 583 1817 Capsula
614 1771 862 1816 subglobosa,
901 1772 998 1806 ultra
1025 1772 1186 1806 medium
1215 1773 1444 1817 quadrifida,
1485 1780 1570 1819 post
1596 1775 1703 1809 dehi-

173 1832 357 1867 scentiam
392 1833 680 1877 campanulata‚
730 1832 878 1866 laciniis
918 1836 1044 1866 erecto
1081 1832 1232 1876 patulis.
1296 1833 1464 1867 Elateres
1498 1833 1706 1877 parietibus

172 1891 414 1926 interioribus
441 1892 622 1935 capsulae
657 1891 745 1925 inde
779 1902 799 1925 a
829 1891 951 1925 medio
979 1892 1098 1932 affixi,
1135 1892 1427 1933 adscendentes,
1462 1893 1568 1936 apice
1594 1897 1701 1926 trun-

173 1951 261 1993 cati,
289 1952 457 1995 unispiri,
484 1951 742 1994 persistentes.
782 1951 935 1984 Semina
963 1961 1094 1994 parva,
1122 1951 1385 1995 subpolyedra.
1424 1952 1706 1988 Inflorescentia

171 2011 340 2045 mascula
368 2011 405 2045 in
432 2012 564 2045 eadem
591 2016 628 2046 et
652 2011 690 2044 in
717 2010 896 2044 distincta
922 2010 1070 2054 planta:
1119 2010 1246 2054 spicae
1278 2011 1315 2044 in
1349 2012 1504 2046 ramulis
1529 2012 1704 2050 laterales

172 2070 407 2105 subsessiles.
459 2071 567 2105 Folia
594 2069 839 2115 perigonialia
868 2074 991 2111 ovata,
1010 2070 1152 2111 inflata,
1171 2070 1406 2115 complicata,
1425 2072 1706 2117 subaequaliter

173 2130 322 2171 biloba,
349 2130 599 2174 integerrima.
652 2129 931 2174 Amphigastria
957 2130 1202 2173 perigonialia
1228 2130 1486 2175 integerrima,
1521 2134 1701 2169 rotundo-

171 2189 306 2224 ovalia.

268 2249 373 2284 Folia
401 2249 553 2291 incuba,
581 2249 730 2294 oblique
751 2252 887 2291 ovata,
927 2248 1053 2283 lobulo
1080 2249 1264 2284 instructa
1292 2260 1409 2294 parvo
1437 2250 1576 2286 inflexo
1602 2251 1702 2287 haud

171 2307 334 2342 discreto
362 2310 419 2343 vel
446 2309 687 2352 integerrimo
710 2309 768 2342 vel
795 2308 961 2343 dentato.
1000 2308 1281 2353 Amphigastria
1307 2314 1500 2352 truncata,
1536 2311 1702 2347 dentata.

173 2367 412 2403 Ramificatio
445 2357 602 2413 pinnata
642 2379 671 2403 s.
711 2368 1114 2403 dichotomo-diffusa.
1174 2369 1267 2403 Vita
1300 2370 1489 2404 corticola.
1542 2370 1703 2404 Plantae

174 2438 243 2471 pro
268 2428 410 2463 familia
436 2427 644 2473 speciosae.

271 2487 497 2522 Distributio
524 2486 787 2531 geographica.
840 2487 996 2531 Species
1024 2493 1057 2525 4.
1110 2489 1306 2524 Americae
1341 2488 1508 2533 tropicae
1542 2491 1578 2522 et
1603 2492 1700 2522 tem-

170 2551 326 2591 peratae
361 2547 582 2590 indigenae,
628 2557 786 2591 quarum
825 2558 898 2582 una
932 2548 1158 2595 (Bryopteris
1177 2548 1351 2595 filicina)
1385 2548 1497 2582 etiam
1534 2547 1570 2582 in
1604 2547 1702 2583 Java

170 2605 291 2642 insula
317 2607 490 2652 frequens
517 2607 690 2642 occurrit.

517 2690 543 2722 Ι.
594 2689 1140 2735 Bryopterisfilicina
1166 2689 1214 2724 N.
1243 2689 1290 2723 ab
1318 2689 1361 2723 E.

269 2749 340 2784 Br.
375 2749 472 2784 caule
505 2756 658 2796 repente,
698 2748 809 2782 ramis
846 2750 964 2784 erectis
989 2750 1169 2797 pinnatim
1201 2750 1347 2783 ramosis
1378 2749 1526 2784 ramulis
1558 2750 1701 2792 strictis,

161 2808 268 2854 foliis
294 2817 387 2844 arcte
411 2809 602 2845 imbricatis
627 2809 737 2843 ovatis
771 2810 884 2843 acutis
908 2811 1054 2845 ser-ratis
1089 2808 1207 2844 subtus
1234 2808 1462 2856 complicatis,
1498 2807 1609 2843 lobzdo
1638 2821 1698 2843 ro-

171 2869 315 2903 tundato
339 2870 581 2915 inteyerrimo,
608 2868 870 2916 ampleiyasmiis
891 2870 998 2915 foliis
1027 2882 1158 2917 parum
1182 2868 1373 2904 minoribus
1396 2868 1591 2905 imbricatis
1621 2867 1701 2904 sub-

168 2929 381 2974 rectanqulis
405 2931 576 2965 truncatis
600 2930 694 2977 apice
719 2930 879 2965 dentatis.
