1824 3252
768 170 975 207 Frullania.
1567 185 1634 217 801

204 270 220 304 ἐ’
245 278 271 308 ’Υ
297 274 572 319 Singapureusis.
623 285 703 314 418.

205 320 224 354 δ
249 322 401 365 obliqua.
452 330 532 358 418.

250 378 438 414 squar-rosa
461 372 572 406 Mont.
622 380 703 409 417.

155 426 260 459 affinis
286 429 329 460 N.
357 430 398 461 ab
425 431 466 463 E.
516 439 597 466 430.

153 476 325 507 alternans
351 478 393 509 N.
419 480 460 512 ab
487 480 528 512 Ε.
577 487 660 516 430.

154 534 321 579 apiculam
347 537 389 568 N.
411 538 452 570 ab
480 538 520 570 E.
570 545 652 573 452.

201 584 225 623 β
250 583 335 614 laxa.
385 589 465 616 452.

200 642 227 671 ’γ
253 630 411 664 obscura.
462 638 542 665 452.

204 679 226 717 β
252 678 417 714 nodulosa
442 682 484 713 N.
511 682 552 713 ab
579 683 621 714 Ε.
670 690 750 717 452.

150 737 295 770 arietina
322 739 418 782 Tayl.
468 745 548 773 413.
578 749 655 776 771.

150 784 371 830 Asagrayana
400 787 510 820 Mont.
560 796 641 822 441.

152 834 316 865 aterlima
343 832 407 866 Hk.
434 844 466 867 et
492 838 588 881 Tayl.
637 845 718 872 450.

150 900 254 924 atrata
280 893 323 924 N.
349 893 390 924 ab
418 894 459 925 E.
509 901 589 928 463.

197 950 220 970 οε
247 941 402 972 Swartzii
442 943 617 976 Gousche.
667 949 748 977 464.

196 989 220 1028 β
248 989 425 1022 Martiana.
476 996 555 1023 464.

196 1047 223 1076 γ
248 1035 391 1068 flaccida
420 1038 598 1072 Gousche.
648 1046 728 1074 464.

201 1083 219 1116 δ
245 1084 433 1115 Mexicana.
491 1091 572 1118 464.

196 1131 218 1170 β
245 1129 473 1165 subtilissima
495 1134 544 1166 M.
569 1144 601 1167 et
626 1136 669 1167 N.
714 1140 794 1168 443.

145 1190 313 1233 Baptistae
343 1190 523 1223 Gottsche.
566 1198 647 1226 455.

146 1235 371 1272 Berteroana
398 1239 577 1272 Gonsche.
629 1248 710 1275 428.

144 1285 370 1328 Beyrichiana
397 1288 438 1318 L.
465 1296 496 1319 et
523 1289 563 1319 L.
615 1295 695 1323 460.
725 1297 801 1323 783.

147 1330 308 1377 biformis
335 1335 436 1378 Hmp.
488 1341 568 1367 418.

144 1379 387 1413 Billarderinna
415 1383 456 1414 N.
483 1392 513 1415 et
541 1384 589 1415 M.
640 1390 720 1418 434.

142 1427 340 1461 Borbonica
366 1430 455 1470 Ldg.
506 1436 586 1463 455.

145 1473 376 1522 ὀναοΙιμοῖαιία
404 1478 581 1510 Gousche.
633 1486 712 1513 247.

142 1535 357 1568 Brasiliensis
383 1537 492 1569 Radd.
542 1544 623 1572 458.

143 1583 358 1615 Brenteliaua
388 1585 567 1618 Gottsche.
617 1593 698 1620 461.

145 1630 302 1663 brunner.
331 1633 409 1675 Spr.
461 1639 540 1664 441.

145 1678 311 1721 Capensis
340 1680 518 1712 Gottsche.
569 1687 649 1715 449.

145 1727 363 1758 Caroliniana
393 1728 512 1760 Sulliv.
564 1733 644 1762 770.

147 1775 342 1816 cauliseqna
369 1776 411 1806 N.
438 1776 479 1806 ab
507 1778 548 1808 E.
599 1784 680 1811 448.

145 1821 325 1864 Ceylanica
354 1824 395 1854 N.
422 1823 464 1854 ab
491 1824 532 1855 E.
584 1830 664 1859 436.

144 1881 254 1912 ciliata
281 1881 371 1924 Ldg.
397 1892 430 1914 et
457 1884 636 1916 Gottsche.
690 1889 770 1917 775.

144 1927 343 1960 Cinchouae
373 1931 551 1962 Gousche.
601 1937 682 1964 455.

143 1976 355 2008 clandestina
382 1978 423 2010 N.
451 1979 492 2009 ab
520 1979 561 2010 E.
611 1985 692 2012 457.

144 2024 272 2055 clavata
298 2025 394 2069 Tayl.
443 2031 524 2059 428.

143 2080 287 2112 cognata
315 2073 404 2115 Ldg.
455 2080 534 2106 433.

143 2125 355 2153 commutata
383 2121 447 2152 Hb.
461 2122 504 2153 N.
520 2123 563 2154 ab
579 2123 620 2154 E.

143 2177 307 2208 congesta
334 2166 398 2199 Hk.
425 2178 457 2201 et
483 2170 578 2214 Tap.
629 2176 709 2202 451.

144 2222 288 2245 connata
315 2215 403 2256 Ldg.
432 2225 463 2247 et
492 2217 674 2250 Gottsche.
727 2224 804 2250 783.

145 2271 346 2303 Cordaeana
374 2274 462 2315 Ldg.
516 2280 597 2308 463.

142 2318 366 2364 cordistipula
394 2332 462 2352 var.
489 2322 598 2354 Mont.
647 2328 728 2356 456.

142 2367 369 2410 cordistipula
395 2369 436 2400 N.
463 2369 504 2400 ab
532 2370 573 2401 F..
622 2375 702 2402 454.

191 2415 213 2454 β
240 2417 379 2447 mutica.
430 2420 511 2450 454.

189 2473 211 2505 γ
237 2464 415 2504 regularis.
466 2470 546 2496 454.

190 2520 209 2554 ὃ
234 2518 438 2545 mucronata
465 2513 526 2545 Hb.
552 2513 595 2545 Ν.
609 2512 650 2543 ab
666 2512 708 2545 E.
746 2517 827 2545 454.

143 2570 301 2600 cranialis
329 2571 429 2614 Tayl.
480 2576 561 2603 419.

140 2616 367 2650 crassiuscula
393 2619 458 2649 Hb.
481 2619 577 2662 Tayl.
624 2624 705 2651 411.

142 2665 312 2696 cucullata
338 2665 426 2704 Ldg.
453 2674 486 2698 et
512 2667 690 2700 Gousche.
740 2674 819 2700 782.

143 2711 356 2744 Cuencensis
383 2714 480 2757 Tayl.
531 2720 609 2747 775.

141 2759 323 2791 cuneiloba
348 2761 390 2792 N.
417 2762 458 2792 ab
486 2762 526 2793 E.
575 2767 656 2795 427.

142 2806 330 2849 cylindrica
359 2809 538 2841 Gottsche.
588 2815 669 2844 458.
697 2816 776 2843 781.

190 2859 208 2891 3
233 2855 382 2896 grandis.
434 2863 512 2889 781.

191 2911 207 2932 ε
234 2903 453 2936 atro-fusca.
506 2911 583 2937 781.

669 2128 854 2157 439.454.

931 288 1145 331 cyparioides
1172 290 1370 334 Schwaegr.
1418 298 1499 327 419.

931 335 1101 368 Davurica
1129 338 1231 382 Hmp.
1280 346 1360 371 422.

930 382 1057 426 Deppii
1087 384 1265 418 Gonsche.
1314 392 1395 420 456.

930 429 1119 465 dichotoma
1143 433 1252 465 Radd.
1303 441 1383 467 286.

932 477 1069 510 dilatala
1095 480 1136 511 Ν.
1163 481 1204 511 ab
1232 481 1273 512 E.
1322 487 1404 514 415.

979 526 1001 565 β
1029 527 1253 571 micropbylla
1281 530 1322 561 N.
1349 530 1390 560 ab
1417 531 1459 563 E.
1508 537 1589 566 415.

977 572 1030 614 β*
1056 584 1231 606 macl-otus
1258 577 1301 608 N.
1326 577 1368 608 ab
1396 579 1436 610 E.
1486 585 1567 613 415.

974 629 999 657 ’γ
1024 622 1245 654 subtilissima
1272 625 1314 655 N.
1340 625 1382 656 ab
1410 627 1449 658 E.
1500 633 1580 660 415.

976 666 997 703 β
1022 668 1251 714 microphylla
1276 672 1342 703 Hb.
1356 673 1399 705 N.
1419 674 1460 706 ab
1477 675 1518 708 Ε.
1555 681 1636 710 437.

929 712 1059 757 diplota
1087 718 1184 761 Tayl.
1239 725 1316 751 780.

929 761 1061 804 diptera
1088 765 1128 795 L.
1155 774 1186 797 et
1212 766 1252 797 L.
1302 772 1383 799 420.

927 808 1040 852 dispar
1065 812 1106 843 N.
1134 813 1174 844 ab
1203 814 1243 845 E.
1294 819 1375 846 429.

927 855 1107 899 divergens
1134 860 1173 891 L.
1201 870 1232 892 et
1259 862 1297 893 L.
1347 868 1426 895 459.

927 904 1178 939 Drummondii
1204 909 1300 952 Tayl.
1352 916 1430 942 777.

926 951 1155 986 Eboracensis
1186 955 1362 988 Gonsehe.
1409 964 1489 990 423.

975 1000 996 1038 β
1025 1003 1148 1033 maior.
1199 1009 1278 1035 423.

926 1056 1087 1091 Ecklouii
1116 1061 1192 1103 Spr.
1241 1068 1321 1094 413.
1351 1070 1430 1096 771.

971 1107 993 1144 {3
1020 1109 1205 1140 rufescens.
1258 1116 1336 1142 771.

922 1152 1080 1198 elonyata
1109 1157 1289 1189 Gouscbe.
1338 1163 1418 1191 428.

924 1203 1092 1234 ericoides
1118 1205 1160 1236 N.
1185 1206 1227 1236 ab
1255 1206 1297 1236 E.
1346 1211 1425 1239 417.
1478 1213 1555 1240 773.

971 1251 993 1288 β
1019 1251 1103 1281 laxa.
1152 1256 1233 1285 417.

925 1299 1020 1328 exilis
1047 1299 1144 1342 Tayl.
1198 1306 1276 1333 778.

924 1346 1087 1388 explicata
1114 1347 1224 1378 Mont.
1276 1352 1356 1380 452.

926 1392 1087 1424 falciloba
1115 1396 1211 1438 Tayl.
1261 1400 1340 1427 423.

921 1439 1023 1472 fallax
1051 1441 1229 1473 Gousche.
1272 1448 1352 1474 432.

912 1485 1057 1530 filicina
1082 1489 1193 1521 Radd.
1246 1495 1326 1522 285.

923 1537 1119 1577 fragilisolia
1146 1537 1242 1581 Taj‘l.
1294 1544 1375 1572 437.

922 1582 1022 1625 fugax
1048 1585 1143 1627 Ῥη-1.
1195 1590 1273 1617 445.

923 1630 1173 1663 Gaudichaudii
1200 1633 1240 1664 N.
1268 1641 1300 1664 et
1326 1633 1374 1664 M.
1424 1638 1504 1665 435.

919 1689 1082 1718 germana
1108 1681 1203 1722 Tayl.
1255 1686 1335 1712 450.

920 1726 1063 1765 gibboza
1087 1727 1129 1758 N.
1156 1728 1197 1758 ab
1225 1728 1263 1758 E.
1314 1734 1394 1759 411.
1422 1735 1501 1761 770.

920 1774 1109 1812 glomerata
1136 1774 1176 1805 L.
1204 1784 1235 1806 et
1260 1776 1299 1806 L.
1351 1781 1432 1809 421.
1462 1783 1541 1812 773.

915 1819 1109 1864 glomerata
1136 1822 1245 1852 Mont.
1296 1828 1375 1855 428.

922 1869 1152 1900 Gottscheaua
1179 1869 1267 1912 Ldg.
1317 1876 1397 1901 466.

921 1927 1055 1967 gracilis
1082 1927 1123 1958 N.
1150 1928 1191 1958 ab
1219 1929 1260 1960 E.
1310 1934 1391 1961 452.

917 1972 1063 2018 gracilis
1089 1975 1154 2006 Hb.
1180 1976 1244 2018 Hp.
1287 1981 1367 2007 444.

919 2022 1164 2065 grautiistipula
1192 2023 1280 2064 Ldg.
1331 2030 1411 2056 430.

920 2080 1139 2112 Grevilleana
1166 2082 1231 2112 Hb.
1257 2084 1352 2126 Tayl.
1402 2087 1482 2115 421.

919 2127 1151 2160 Οι·ῑίΗιΙιεὶει]ει
1178 2129 1358 2161 Gousche.
1408 2136 1490 2163 466.

919 2176 1093 2217 gymuotis
1121 2175 1168 2206 M.
1197 2184 1228 2206 et
1254 2177 1295 2207 N.
1345 2182 1426 2209 444.

918 2219 1150 2253 Haeckeriana
1178 2223 1264 2265 Ldg.
1292 2229 1372 2255 465.

915 2269 1110 2310 Hampeana
1139 2270 1178 2301 N.
1206 2271 1247 2300 ab
1273 2271 1314 2302 E.
1365 2277 1445 2304 426.

916 2314 1149 2347 Hasskarliana
1176 2317 1262 2360 Ldg.
1313 2323 1392 2350 453.

917 2363 1013 2393 hians
1039 2363 1079 2393 L.
1107 2373 1139 2395 et
1163 2364 1203 2395 L.
1257 2370 1337 2396 414.
1365 2372 1443 2398 772.

964 2411 985 2448 β’
1011 2411 1169 2442 Javaniea
1198 2413 1375 2444 Gousche.
1424 2418 1506 2446 414.

1224 2465 1301 2491 772.

916 2514 1113 2549 Hilariana
1140 2517 1249 2549 Mout.
1276 2522 1355 2550 421.
1379 2525 1455 2552 773.

915 2562 1098 2608 hispanica
1122 2565 1163 2595 N.
1189 2564 1231 2595 ab
1260 2565 1300 2596 E.
1350 2571 1432 2599 439.

1145 2612 1213 2643 Hb.
1240 2613 1343 2656 Hmp.
1392 2618 1473 2645 440.

914 2657 1220 2690 Hornschuchiana
1246 2661 1289 2691 N.
1314 2661 1356 2691 ab
1383 2661 1424 2692 E.

964 2456 981 2488 δ
1007 2459 1171 2489 conserta.

1474 2666 1555 2694 422.

914 2717 1136 2748 Hutchinsiae
1161 2718 1204 2749 N.
1230 2718 1271 2749 ab
1298 2718 1340 2749 E.
1389 2724 1470 2752 426.
1493 2723 1571 2752 775.

960 2771 986 2801 γ
1011 2764 1200 2796 Mexicaua.
1252 2770 1330 2797 775.

914 2811 1106 2855 hypoleuca
1130 2813 1173 2844 N.
1198 2812 1239 2843 ab
1265 2813 1306 2844 E.
1356 2818 1436 2845 443.

961 2865 983 2901 β
1007 2858 1123 2892 ‘minor
1148 2859 1214 2891 Hb.
1239 2860 1282 2892 N.
1307 2860 1349 2891 ab
1377 2861 1416 2892 E.
1467 2864 1547 2893 455.

913 2907 1026 2938 inflata
1055 2906 1232 2940 Gousche.
1283 2912 1364 2940 424.

1223 2989 1275 3018 51
