<?xml version="1.0" encoding="UTF-8"?>
<!DOCTYPE html PUBLIC "-//W3C//DTD XHTML 1.0 Transitional//EN"
    "http://www.w3.org/TR/xhtml1/DTD/xhtml1-transitional.dtd">
<html xmlns="http://www.w3.org/1999/xhtml" xml:lang="en" lang="en">
 <head>
  <title>
</title>
<meta http-equiv="Content-Type" content="text/html;charset=utf-8" />
  <meta name='ocr-system' content='tesseract 3.04.00' />
  <meta name='ocr-capabilities' content='ocr_page ocr_carea ocr_par ocr_line ocrx_word'/>
</head>
<body>
  <div class='ocr_page' id='page_1' title='image "./synopsishepatica00gott_0789.png"; bbox 0 0 1824 3252; ppageno 0'>
   <div class='ocr_carea' id='block_1_1' title="bbox 755 168 1609 212">
    <p class='ocr_par' dir='ltr' id='par_1_1' title="bbox 755 168 1609 212">
     <span class='ocr_line' id='line_1_1' title="bbox 755 168 1609 212; baseline -0.005 -10"><span class='ocrx_word' id='word_1_1' title='bbox 755 168 946 212; x_wconf 82' lang='lat' dir='ltr'><strong>Lejeunia.</strong></span> <span class='ocrx_word' id='word_1_2' title='bbox 1539 174 1609 206; x_wconf 81' lang='lat'><strong>755</strong></span> 
     </span>
    </p>
   </div>
   <div class='ocr_carea' id='block_1_2' title="bbox 90 280 1612 1152">
    <p class='ocr_par' dir='ltr' id='par_1_2' title="bbox 93 280 1251 326">
     <span class='ocr_line' id='line_1_2' title="bbox 93 280 1251 326; baseline 0.002 -13"><span class='ocrx_word' id='word_1_3' title='bbox 93 290 128 323; x_wconf 87' lang='lat' dir='ltr'><strong>p.</strong></span> <span class='ocrx_word' id='word_1_4' title='bbox 154 282 237 313; x_wconf 88' lang='lat'><strong>339.</strong></span> <span class='ocrx_word' id='word_1_5' title='bbox 455 282 502 313; x_wconf 86' lang='lat'><strong>65</strong></span> <span class='ocrx_word' id='word_1_6' title='bbox 522 280 555 313; x_wconf 87' lang='lat' dir='ltr'><strong>b.</strong></span> <span class='ocrx_word' id='word_1_7' title='bbox 605 281 863 326; x_wconf 71' lang='lat' dir='ltr'><strong>Lejeunia</strong></span> <span class='ocrx_word' id='word_1_8' title='bbox 890 283 1080 317; x_wconf 73' lang='lat' dir='ltr'><strong>decora</strong></span> <span class='ocrx_word' id='word_1_9' title='bbox 1104 282 1251 326; x_wconf 84' lang='lat' dir='ltr'><strong>Taylor.</strong></span> 
     </span>
    </p>

    <p class='ocr_par' dir='ltr' id='par_1_3' title="bbox 91 337 1612 504">
     <span class='ocr_line' id='line_1_3' title="bbox 189 337 1611 387; baseline 0.003 -16"><span class='ocrx_word' id='word_1_10' title='bbox 189 338 235 372; x_wconf 89' lang='lat' dir='ltr'><strong>L.</strong></span> <span class='ocrx_word' id='word_1_11' title='bbox 260 337 355 372; x_wconf 83' lang='lat' dir='ltr'><strong>caule</strong></span> <span class='ocrx_word' id='word_1_12' title='bbox 379 337 525 384; x_wconf 74' lang='lat' dir='ltr'><strong>implexo</strong></span> <span class='ocrx_word' id='word_1_13' title='bbox 544 346 723 385; x_wconf 82' lang='lat' dir='ltr'><strong>prostrato</strong></span> <span class='ocrx_word' id='word_1_14' title='bbox 747 340 952 383; x_wconf 75' lang='lat' dir='ltr'><strong>subramoso,</strong></span> <span class='ocrx_word' id='word_1_15' title='bbox 969 340 1076 386; x_wconf 83' lang='lat' dir='ltr'><strong>foliis</strong></span> <span class='ocrx_word' id='word_1_16' title='bbox 1094 341 1346 387; x_wconf 75' lang='lat' dir='ltr'><strong>adproximatis</strong></span> <span class='ocrx_word' id='word_1_17' title='bbox 1357 341 1611 387; x_wconf 75' lang='lat' dir='ltr'><strong>subpatentibus</strong></span> 
     </span>
     <span class='ocr_line' id='line_1_4' title="bbox 91 397 1612 445; baseline 0.003 -15"><span class='ocrx_word' id='word_1_18' title='bbox 91 397 240 431; x_wconf 82' lang='lat' dir='ltr'><strong>obovatis</strong></span> <span class='ocrx_word' id='word_1_19' title='bbox 264 397 447 443; x_wconf 80' lang='lat' dir='ltr'><strong>apiculatis</strong></span> <span class='ocrx_word' id='word_1_20' title='bbox 471 399 637 440; x_wconf 78' lang='lat' dir='ltr'><strong>dentatis,</strong></span> <span class='ocrx_word' id='word_1_21' title='bbox 673 399 794 434; x_wconf 82' lang='lat' dir='ltr'><strong>lobulis</strong></span> <span class='ocrx_word' id='word_1_22' title='bbox 824 402 971 434; x_wconf 79' lang='lat' dir='ltr'><strong>minutis</strong></span> <span class='ocrx_word' id='word_1_23' title='bbox 1002 401 1314 441; x_wconf 82' lang='lat' dir='ltr'><strong>rotundo-ovatis,</strong></span> <span class='ocrx_word' id='word_1_24' title='bbox 1351 400 1612 445; x_wconf 71' lang='lat' dir='ltr'><strong>amplciqastriis</strong></span> 
     </span>
     <span class='ocr_line' id='line_1_5' title="bbox 91 455 1610 504; baseline 0.002 -13"><span class='ocrx_word' id='word_1_25' title='bbox 91 458 243 491; x_wconf 77' lang='lat' dir='ltr'><strong>cordatiS</strong></span> <span class='ocrx_word' id='word_1_26' title='bbox 267 455 395 500; x_wconf 67' lang='lat' dir='ltr'><strong>bifidis,</strong></span> <span class='ocrx_word' id='word_1_27' title='bbox 415 457 615 503; x_wconf 71' lang='lat' dir='ltr'><strong>periantlcio</strong></span> <span class='ocrx_word' id='word_1_28' title='bbox 637 459 770 492; x_wconf 83' lang='lat' dir='ltr'><strong>demum</strong></span> <span class='ocrx_word' id='word_1_29' title='bbox 789 459 936 493; x_wconf 73' lang='lat' dir='ltr'><strong>aaeillari</strong></span> <span class='ocrx_word' id='word_1_30' title='bbox 954 458 1290 503; x_wconf 71' lang='lat' dir='ltr'><strong>oblonyo-obcorclato</strong></span> <span class='ocrx_word' id='word_1_31' title='bbox 1310 458 1610 504; x_wconf 74' lang='lat' dir='ltr'><strong>spinoso-dentato-</strong></span> 
     </span>
    </p>

    <p class='ocr_par' dir='ltr' id='par_1_4' title="bbox 281 516 1611 621">
     <span class='ocr_line' id='line_1_6' title="bbox 281 516 1611 564; baseline 0.004 -16"><span class='ocrx_word' id='word_1_32' title='bbox 281 516 443 558; x_wconf 80' lang='lat' dir='ltr'><strong>Lejeunia</strong></span> <span class='ocrx_word' id='word_1_33' title='bbox 471 517 597 548; x_wconf 79' lang='lat' dir='ltr'><strong>decora</strong></span> <span class='ocrx_word' id='word_1_34' title='bbox 627 516 729 563; x_wconf 75' lang='lat' dir='ltr'><strong>Tayl.</strong></span> <span class='ocrx_word' id='word_1_35' title='bbox 759 518 846 551; x_wconf 86' lang='lat' dir='ltr'><strong>Nov.</strong></span> <span class='ocrx_word' id='word_1_36' title='bbox 875 518 967 564; x_wconf 70' lang='lat' dir='ltr'><strong>Hep.</strong></span> <span class='ocrx_word' id='word_1_37' title='bbox 992 519 1030 551; x_wconf 82' lang='lat' dir='ltr'><strong>in</strong></span> <span class='ocrx_word' id='word_1_38' title='bbox 1053 518 1164 552; x_wconf 87' lang='lat' dir='ltr'><strong>Lond.</strong></span> <span class='ocrx_word' id='word_1_39' title='bbox 1187 518 1314 552; x_wconf 81' lang='lat' dir='ltr'><strong>Journ.</strong></span> <span class='ocrx_word' id='word_1_40' title='bbox 1342 518 1385 563; x_wconf 79' lang='lat' dir='ltr'><strong>qf</strong></span> <span class='ocrx_word' id='word_1_41' title='bbox 1404 518 1469 553; x_wconf 79' lang='lat' dir='ltr'><strong>bot.</strong></span> <span class='ocrx_word' id='word_1_42' title='bbox 1508 521 1611 553; x_wconf 81' lang='lat'>1846.</span> 
     </span>
     <span class='ocr_line' id='line_1_7' title="bbox 360 578 655 621; baseline 0 -12"><span class='ocrx_word' id='word_1_43' title='bbox 360 587 398 621; x_wconf 83' lang='lat' dir='ltr'><strong>p.</strong></span> <span class='ocrx_word' id='word_1_44' title='bbox 425 578 508 609; x_wconf 82' lang='lat'><strong>393.</strong></span> <span class='ocrx_word' id='word_1_45' title='bbox 534 588 568 609; x_wconf 80' lang='lat' dir='ltr'><strong>n.</strong></span> <span class='ocrx_word' id='word_1_46' title='bbox 601 579 655 609; x_wconf 90' lang='grc'><strong>10.</strong></span> 
     </span>
    </p>

    <p class='ocr_par' dir='ltr' id='par_1_5' title="bbox 188 633 1058 679">
     <span class='ocr_line' id='line_1_8' title="bbox 188 633 1058 679; baseline 0.002 -12"><span class='ocrx_word' id='word_1_47' title='bbox 188 633 348 668; x_wconf 82' lang='lat' dir='ltr'>Habitat</span> <span class='ocrx_word' id='word_1_48' title='bbox 375 634 413 668; x_wconf 89' lang='lat' dir='ltr'><strong>in</strong></span> <span class='ocrx_word' id='word_1_49' title='bbox 442 634 571 668; x_wconf 82' lang='lat' dir='ltr'>Insula</span> <span class='ocrx_word' id='word_1_50' title='bbox 602 634 798 669; x_wconf 86' lang='lat' dir='ltr'><strong>Dominica</strong></span> <span class='ocrx_word' id='word_1_51' title='bbox 827 635 918 677; x_wconf 89' lang='lat' dir='ltr'>(Hb.</span> <span class='ocrx_word' id='word_1_52' title='bbox 949 635 1058 679; x_wconf 79' lang='lat' dir='ltr'><strong>Hk).</strong></span> 
     </span>
    </p>

    <p class='ocr_par' dir='ltr' id='par_1_6' title="bbox 91 693 1612 965">
     <span class='ocr_line' id='line_1_9' title="bbox 189 693 1611 740; baseline 0.002 -14"><span class='ocrx_word' id='word_1_53' title='bbox 189 693 365 740; x_wconf 78' lang='lat' dir='ltr'><strong>Caespites</strong></span> <span class='ocrx_word' id='word_1_54' title='bbox 390 693 481 735; x_wconf 80' lang='lat' dir='ltr'><strong>laxi,</strong></span> <span class='ocrx_word' id='word_1_55' title='bbox 507 694 646 737; x_wconf 84' lang='lat' dir='ltr'><strong>pallide</strong></span> <span class='ocrx_word' id='word_1_56' title='bbox 673 694 1016 728; x_wconf 75' lang='lat' dir='ltr'><strong>olivaceo-virides,</strong></span> <span class='ocrx_word' id='word_1_57' title='bbox 1069 693 1192 728; x_wconf 70' lang='lat' dir='ltr'><strong>Cautes</strong></span> <span class='ocrx_word' id='word_1_58' title='bbox 1219 694 1280 728; x_wconf 88' lang='lat' dir='ltr'><strong>vix</strong></span> <span class='ocrx_word' id='word_1_59' title='bbox 1309 695 1611 739; x_wconf 81' lang='lat' dir='ltr'><strong>semipoilieares.</strong></span> 
     </span>
     <span class='ocr_line' id='line_1_10' title="bbox 91 751 1612 799; baseline 0.003 -15"><span class='ocrx_word' id='word_1_60' title='bbox 91 751 195 785; x_wconf 82' lang='lat' dir='ltr'><strong>Folia</strong></span> <span class='ocrx_word' id='word_1_61' title='bbox 221 752 306 786; x_wconf 81' lang='lat' dir='ltr'><strong>laxe</strong></span> <span class='ocrx_word' id='word_1_62' title='bbox 331 752 539 793; x_wconf 85' lang='lat' dir='ltr'><strong>imbricata,</strong></span> <span class='ocrx_word' id='word_1_63' title='bbox 567 753 732 796; x_wconf 85' lang='lat' dir='ltr'><strong>paullum</strong></span> <span class='ocrx_word' id='word_1_64' title='bbox 752 753 907 786; x_wconf 86' lang='lat' dir='ltr'><strong>flaccida</strong></span> <span class='ocrx_word' id='word_1_65' title='bbox 929 758 964 787; x_wconf 81' lang='lat' dir='ltr'><strong>et</strong></span> <span class='ocrx_word' id='word_1_66' title='bbox 981 754 1160 793; x_wconf 78' lang='lat' dir='ltr'><strong>flexuosa,</strong></span> <span class='ocrx_word' id='word_1_67' title='bbox 1187 753 1334 795; x_wconf 85' lang='lat' dir='ltr'><strong>obtusa,</strong></span> <span class='ocrx_word' id='word_1_68' title='bbox 1361 754 1426 787; x_wconf 88' lang='lat' dir='ltr'><strong>sed</strong></span> <span class='ocrx_word' id='word_1_69' title='bbox 1454 756 1612 799; x_wconf 75' lang='lat' dir='ltr'>abrupte</span> 
     </span>
     <span class='ocr_line' id='line_1_11' title="bbox 93 811 1611 857; baseline 0.003 -14"><span class='ocrx_word' id='word_1_70' title='bbox 93 811 294 845; x_wconf 81' lang='lat' dir='ltr'><strong>subulatim</strong></span> <span class='ocrx_word' id='word_1_71' title='bbox 323 812 511 855; x_wconf 83' lang='lat' dir='ltr'><strong>apiculata</strong></span> <span class='ocrx_word' id='word_1_72' title='bbox 539 813 595 845; x_wconf 79' lang='lat' dir='ltr'><strong>vel</strong></span> <span class='ocrx_word' id='word_1_73' title='bbox 624 812 734 845; x_wconf 84' lang='lat' dir='ltr'><strong>dente</strong></span> <span class='ocrx_word' id='word_1_74' title='bbox 760 812 835 846; x_wconf 80' lang='lat' dir='ltr'><strong>lato</strong></span> <span class='ocrx_word' id='word_1_75' title='bbox 864 819 1019 846; x_wconf 82' lang='lat' dir='ltr'><strong>armata.</strong></span> <span class='ocrx_word' id='word_1_76' title='bbox 1058 812 1165 846; x_wconf 85' lang='lat' dir='ltr'><strong>Folia</strong></span> <span class='ocrx_word' id='word_1_77' title='bbox 1192 812 1417 847; x_wconf 72' lang='lat' dir='ltr'><strong>incolum-alia</strong></span> <span class='ocrx_word' id='word_1_78' title='bbox 1431 813 1611 857; x_wconf 82' lang='lat' dir='ltr'><strong>patentia,</strong></span> 
     </span>
     <span class='ocr_line' id='line_1_12' title="bbox 91 869 1612 917; baseline 0.004 -15"><span class='ocrx_word' id='word_1_79' title='bbox 91 869 223 904; x_wconf 78' lang='lat' dir='ltr'><strong>obtuse</strong></span> <span class='ocrx_word' id='word_1_80' title='bbox 250 871 500 912; x_wconf 77' lang='lat' dir='ltr'><strong>emarginata‚</strong></span> <span class='ocrx_word' id='word_1_81' title='bbox 536 871 662 905; x_wconf 86' lang='lat' dir='ltr'><strong>lobulo</strong></span> <span class='ocrx_word' id='word_1_82' title='bbox 689 871 864 913; x_wconf 87' lang='lat' dir='ltr'><strong>ligulato,</strong></span> <span class='ocrx_word' id='word_1_83' title='bbox 899 872 1165 915; x_wconf 79' lang='lat' dir='ltr'><strong>amphigastrio</strong></span> <span class='ocrx_word' id='word_1_84' title='bbox 1198 872 1418 906; x_wconf 85' lang='lat' dir='ltr'><strong>involucrali</strong></span> <span class='ocrx_word' id='word_1_85' title='bbox 1453 873 1612 917; x_wconf 78' lang='lat' dir='ltr'><strong>oblongo</strong></span> 
     </span>
     <span class='ocr_line' id='line_1_13' title="bbox 92 929 1005 965; baseline 0.002 -3"><span class='ocrx_word' id='word_1_86' title='bbox 92 929 203 964; x_wconf 89' lang='lat' dir='ltr'><strong>bifido</strong></span> <span class='ocrx_word' id='word_1_87' title='bbox 233 930 476 965; x_wconf 82' lang='lat' dir='ltr'><strong>denticulato.</strong></span> <span class='ocrx_word' id='word_1_88' title='bbox 528 930 777 965; x_wconf 65' lang='lat' dir='ltr'><strong>Per-iantlzium</strong></span> <span class='ocrx_word' id='word_1_89' title='bbox 803 936 1005 965; x_wconf 78' lang='lat' dir='ltr'><strong>exsertum.</strong></span> 
     </span>
    </p>

    <p class='ocr_par' dir='ltr' id='par_1_7' title="bbox 90 988 1611 1152">
     <span class='ocr_line' id='line_1_14' title="bbox 186 988 1611 1035; baseline 0.002 -13"><span class='ocrx_word' id='word_1_90' title='bbox 186 988 225 1022; x_wconf 89' lang='lat' dir='ltr'><strong>Si</strong></span> <span class='ocrx_word' id='word_1_91' title='bbox 255 989 522 1033; x_wconf 85' lang='lat' dir='ltr'><strong>amphigastria</strong></span> <span class='ocrx_word' id='word_1_92' title='bbox 556 990 667 1023; x_wconf 85' lang='lat' dir='ltr'><strong>bifida</strong></span> <span class='ocrx_word' id='word_1_93' title='bbox 702 995 738 1023; x_wconf 89' lang='lat' dir='ltr'><strong>et</strong></span> <span class='ocrx_word' id='word_1_94' title='bbox 773 990 941 1024; x_wconf 84' lang='lat' dir='ltr'><strong>foliorum</strong></span> <span class='ocrx_word' id='word_1_95' title='bbox 979 990 1362 1034; x_wconf 81' lang='lat' dir='ltr'><strong>circumscriptionem</strong></span> <span class='ocrx_word' id='word_1_96' title='bbox 1390 991 1611 1035; x_wconf 83' lang='lat' dir='ltr'><strong>neglexeris,</strong></span> 
     </span>
     <span class='ocr_line' id='line_1_15' title="bbox 90 1046 1609 1094; baseline 0.003 -15"><span class='ocrx_word' id='word_1_97' title='bbox 90 1046 300 1089; x_wconf 81' lang='lat' dir='ltr'><strong>perianthio</strong></span> <span class='ocrx_word' id='word_1_98' title='bbox 335 1052 372 1082; x_wconf 85' lang='lat' dir='ltr'><strong>et</strong></span> <span class='ocrx_word' id='word_1_99' title='bbox 406 1047 503 1083; x_wconf 81' lang='lat' dir='ltr'><strong>foliis</strong></span> <span class='ocrx_word' id='word_1_100' title='bbox 538 1048 702 1082; x_wconf 84' lang='lat' dir='ltr'><strong>dentatis</strong></span> <span class='ocrx_word' id='word_1_101' title='bbox 735 1050 780 1082; x_wconf 87' lang='lat' dir='ltr'><strong>ad</strong></span> <span class='ocrx_word' id='word_1_102' title='bbox 818 1050 1021 1094; x_wconf 64' lang='lat' dir='ltr'><strong>Lfgjeuniam</strong></span> <span class='ocrx_word' id='word_1_103' title='bbox 1059 1049 1244 1083; x_wconf 66' lang='lat' dir='ltr'><strong>amillarem</strong></span> <span class='ocrx_word' id='word_1_104' title='bbox 1282 1050 1498 1090; x_wconf 80' lang='lat' dir='ltr'><strong>accederet,</strong></span> <span class='ocrx_word' id='word_1_105' title='bbox 1545 1050 1609 1084; x_wconf 90' lang='lat' dir='ltr'><strong>sed</strong></span> 
     </span>
     <span class='ocr_line' id='line_1_16' title="bbox 91 1106 1245 1152; baseline 0.003 -13"><span class='ocrx_word' id='word_1_106' title='bbox 91 1106 306 1141; x_wconf 82' lang='lat' dir='ltr'><strong>charactere</strong></span> <span class='ocrx_word' id='word_1_107' title='bbox 333 1107 421 1141; x_wconf 86' lang='lat' dir='ltr'><strong>dato</strong></span> <span class='ocrx_word' id='word_1_108' title='bbox 448 1108 540 1142; x_wconf 85' lang='lat' dir='ltr'><strong>satis</strong></span> <span class='ocrx_word' id='word_1_109' title='bbox 567 1118 753 1152; x_wconf 81' lang='lat' dir='ltr'><strong>superque</strong></span> <span class='ocrx_word' id='word_1_110' title='bbox 780 1109 913 1142; x_wconf 85' lang='lat' dir='ltr'><strong>differt.</strong></span> <span class='ocrx_word' id='word_1_111' title='bbox 963 1109 1117 1152; x_wconf 82' lang='lat' dir='ltr'><strong>(Taylor</strong></span> <span class='ocrx_word' id='word_1_112' title='bbox 1143 1109 1165 1143; x_wconf 93' lang='grc' dir='ltr'><strong>Ι.</strong></span> <span class='ocrx_word' id='word_1_113' title='bbox 1193 1110 1245 1152; x_wconf 88' lang='lat' dir='ltr'><strong>c.)</strong></span> 
     </span>
    </p>
   </div>
   <div class='ocr_carea' id='block_1_3' title="bbox 91 1201 1335 1248">
    <p class='ocr_par' dir='ltr' id='par_1_8' title="bbox 91 1201 1335 1248">
     <span class='ocr_line' id='line_1_17' title="bbox 91 1201 1335 1248; baseline 0 -14"><span class='ocrx_word' id='word_1_114' title='bbox 91 1211 127 1244; x_wconf 88' lang='lat' dir='ltr'><strong>p.</strong></span> <span class='ocrx_word' id='word_1_115' title='bbox 155 1204 240 1235; x_wconf 79' lang='lat'><strong>340.</strong></span> <span class='ocrx_word' id='word_1_116' title='bbox 373 1203 420 1236; x_wconf 90' lang='lat'><strong>66</strong></span> <span class='ocrx_word' id='word_1_117' title='bbox 438 1201 473 1237; x_wconf 89' lang='lat' dir='ltr'><strong>b.</strong></span> <span class='ocrx_word' id='word_1_118' title='bbox 524 1202 786 1248; x_wconf 72' lang='lat' dir='ltr'><strong>Lejcunia</strong></span> <span class='ocrx_word' id='word_1_119' title='bbox 812 1201 1164 1246; x_wconf 68' lang='lat' dir='ltr'><strong>aaqzuttnata</strong></span> <span class='ocrx_word' id='word_1_120' title='bbox 1187 1201 1335 1244; x_wconf 84' lang='lat' dir='ltr'><strong>Taylor.</strong></span> 
     </span>
    </p>
   </div>
   <div class='ocr_carea' id='block_1_4' title="bbox 78 1271 1618 1622">
    <p class='ocr_par' dir='ltr' id='par_1_9' title="bbox 78 1271 1618 1496">
     <span class='ocr_line' id='line_1_18' title="bbox 188 1271 1612 1319; baseline 0.001 -14"><span class='ocrx_word' id='word_1_121' title='bbox 188 1272 233 1306; x_wconf 86' lang='lat' dir='ltr'><strong>L.</strong></span> <span class='ocrx_word' id='word_1_122' title='bbox 270 1272 366 1306; x_wconf 81' lang='lat' dir='ltr'><strong>caule</strong></span> <span class='ocrx_word' id='word_1_123' title='bbox 398 1273 550 1318; x_wconf 80' lang='lat' dir='ltr'><strong>disperso</strong></span> <span class='ocrx_word' id='word_1_124' title='bbox 582 1280 715 1319; x_wconf 80' lang='lat' dir='ltr'><strong>repente</strong></span> <span class='ocrx_word' id='word_1_125' title='bbox 745 1274 872 1306; x_wconf 82' lang='lat' dir='ltr'><strong>adnato</strong></span> <span class='ocrx_word' id='word_1_126' title='bbox 906 1285 989 1317; x_wconf 65' lang='lat' dir='ltr'><strong>‘maye</strong></span> <span class='ocrx_word' id='word_1_127' title='bbox 1023 1285 1167 1313; x_wconf 83' lang='lat' dir='ltr'><strong>ramoso,</strong></span> <span class='ocrx_word' id='word_1_128' title='bbox 1205 1271 1351 1306; x_wconf 80' lang='lat' dir='ltr'><strong>surculis</strong></span> <span class='ocrx_word' id='word_1_129' title='bbox 1375 1272 1612 1318; x_wconf 79' lang='lat' dir='ltr'><strong>complanatis,</strong></span> 
     </span>
     <span class='ocr_line' id='line_1_19' title="bbox 78 1331 1614 1378; baseline 0.001 -14"><span class='ocrx_word' id='word_1_130' title='bbox 78 1331 185 1376; x_wconf 77' lang='lat' dir='ltr'><strong>soliis</strong></span> <span class='ocrx_word' id='word_1_131' title='bbox 219 1332 294 1366; x_wconf 73' lang='lat' dir='ltr'><strong>laxe</strong></span> <span class='ocrx_word' id='word_1_132' title='bbox 325 1332 518 1366; x_wconf 76' lang='lat' dir='ltr'><strong>imbricatis</strong></span> <span class='ocrx_word' id='word_1_133' title='bbox 545 1332 749 1378; x_wconf 82' lang='lat' dir='ltr'><strong>patentibus</strong></span> <span class='ocrx_word' id='word_1_134' title='bbox 783 1333 933 1365; x_wconf 72' lang='lat' dir='ltr'><strong>recurvis</strong></span> <span class='ocrx_word' id='word_1_135' title='bbox 965 1331 1273 1376; x_wconf 75' lang='lat' dir='ltr'><strong>acinaciformibus</strong></span> <span class='ocrx_word' id='word_1_136' title='bbox 1308 1331 1435 1365; x_wconf 78' lang='lat' dir='ltr'><strong>obtusis</strong></span> <span class='ocrx_word' id='word_1_137' title='bbox 1459 1332 1614 1376; x_wconf 74' lang='lat' dir='ltr'><strong>nzaryine</strong></span> 
     </span>
     <span class='ocr_line' id='line_1_20' title="bbox 89 1389 1618 1437; baseline 0 -13"><span class='ocrx_word' id='word_1_138' title='bbox 89 1389 308 1431; x_wconf 66' lang='lat' dir='ltr'><strong>(lenticulam,</strong></span> <span class='ocrx_word' id='word_1_139' title='bbox 335 1390 456 1425; x_wconf 79' lang='lat' dir='ltr'><strong>lohulis</strong></span> <span class='ocrx_word' id='word_1_140' title='bbox 480 1391 791 1425; x_wconf 76' lang='lat' dir='ltr'><strong>‹limidiato-ovatis</strong></span> <span class='ocrx_word' id='word_1_141' title='bbox 805 1391 950 1437; x_wconf 58' lang='lat' dir='ltr'><strong>inflexis,</strong></span> <span class='ocrx_word' id='word_1_142' title='bbox 976 1390 1239 1436; x_wconf 73' lang='lat' dir='ltr'><strong>anzplziyastriis</strong></span> <span class='ocrx_word' id='word_1_143' title='bbox 1256 1392 1461 1424; x_wconf 77' lang='lat' dir='ltr'><strong>tenuissimis</strong></span> <span class='ocrx_word' id='word_1_144' title='bbox 1474 1392 1618 1424; x_wconf 77' lang='lat' dir='ltr'><strong>minutis</strong></span> 
     </span>
     <span class='ocr_line' id='line_1_21' title="bbox 93 1450 1039 1496; baseline 0.001 -14"><span class='ocrx_word' id='word_1_145' title='bbox 93 1451 288 1483; x_wconf 73' lang='lat' dir='ltr'><strong>rotundatis</strong></span> <span class='ocrx_word' id='word_1_146' title='bbox 313 1450 537 1484; x_wconf 78' lang='lat' dir='ltr'><strong>denticulatis</strong></span> <span class='ocrx_word' id='word_1_147' title='bbox 561 1452 656 1496; x_wconf 80' lang='lat' dir='ltr'><strong>apice</strong></span> <span class='ocrx_word' id='word_1_148' title='bbox 669 1451 783 1495; x_wconf 82' lang='lat' dir='ltr'><strong>fissis,</strong></span> <span class='ocrx_word' id='word_1_149' title='bbox 799 1452 931 1496; x_wconf 59' lang='lat' dir='ltr'><strong>fimeta</strong></span> <span class='ocrx_word' id='word_1_150' title='bbox 959 1476 967 1484; x_wconf 89' lang='lat'><strong><em>.</em></strong></span> <span class='ocrx_word' id='word_1_151' title='bbox 994 1476 1002 1483; x_wconf 88' lang='lat'><em>.</em></span> <span class='ocrx_word' id='word_1_152' title='bbox 1032 1476 1039 1483; x_wconf 94' lang='lat'>.</span> 
     </span>
    </p>

    <p class='ocr_par' dir='ltr' id='par_1_10' title="bbox 283 1515 1614 1622">
     <span class='ocr_line' id='line_1_22' title="bbox 283 1515 1614 1563; baseline 0 -14"><span class='ocrx_word' id='word_1_153' title='bbox 283 1518 447 1559; x_wconf 84' lang='lat' dir='ltr'><strong>Lejeunia</strong></span> <span class='ocrx_word' id='word_1_154' title='bbox 475 1518 684 1560; x_wconf 77' lang='lat' dir='ltr'><strong>adglutinata</strong></span> <span class='ocrx_word' id='word_1_155' title='bbox 731 1516 835 1563; x_wconf 70' lang='lat' dir='ltr'><strong>Tayl.</strong></span> <span class='ocrx_word' id='word_1_156' title='bbox 870 1517 957 1550; x_wconf 80' lang='lat' dir='ltr'><em>Nov.</em></span> <span class='ocrx_word' id='word_1_157' title='bbox 996 1517 1090 1562; x_wconf 82' lang='lat' dir='ltr'><strong>Hep.</strong></span> <span class='ocrx_word' id='word_1_158' title='bbox 1124 1517 1161 1549; x_wconf 85' lang='lat' dir='ltr'><strong>in</strong></span> <span class='ocrx_word' id='word_1_159' title='bbox 1186 1516 1299 1549; x_wconf 80' lang='lat' dir='ltr'><strong>Lond.</strong></span> <span class='ocrx_word' id='word_1_160' title='bbox 1325 1515 1453 1550; x_wconf 84' lang='lat' dir='ltr'><strong>Journ.</strong></span> <span class='ocrx_word' id='word_1_161' title='bbox 1486 1515 1614 1560; x_wconf 75' lang='lat' dir='ltr'><strong>quot.</strong></span> 
     </span>
     <span class='ocr_line' id='line_1_23' title="bbox 373 1579 767 1622; baseline -0.003 -12"><span class='ocrx_word' id='word_1_162' title='bbox 373 1579 476 1610; x_wconf 84' lang='lat'>1846.</span> <span class='ocrx_word' id='word_1_163' title='bbox 500 1588 536 1622; x_wconf 79' lang='lat' dir='ltr'><strong>p.</strong></span> <span class='ocrx_word' id='word_1_164' title='bbox 562 1579 645 1611; x_wconf 80' lang='lat'>389.</span> <span class='ocrx_word' id='word_1_165' title='bbox 671 1589 706 1610; x_wconf 76' lang='lat' dir='ltr'><strong>n.</strong></span> <span class='ocrx_word' id='word_1_166' title='bbox 732 1579 767 1610; x_wconf 85' lang='lat'><strong>2.</strong></span> 
     </span>
    </p>
   </div>
   <div class='ocr_carea' id='block_1_5' title="bbox 96 1645 1618 1990">
    <p class='ocr_par' dir='ltr' id='par_1_11' title="bbox 194 1645 1139 1691">
     <span class='ocr_line' id='line_1_24' title="bbox 194 1645 1139 1691; baseline -0.002 -11"><span class='ocrx_word' id='word_1_167' title='bbox 194 1646 353 1681; x_wconf 79' lang='lat' dir='ltr'><strong>Habitat</strong></span> <span class='ocrx_word' id='word_1_168' title='bbox 378 1647 415 1681; x_wconf 89' lang='lat' dir='ltr'><strong>in</strong></span> <span class='ocrx_word' id='word_1_169' title='bbox 444 1648 620 1691; x_wconf 86' lang='lat' dir='ltr'><strong>Cayenne</strong></span> <span class='ocrx_word' id='word_1_170' title='bbox 647 1648 832 1689; x_wconf 86' lang='lat' dir='ltr'><strong>(Richard</strong></span> <span class='ocrx_word' id='word_1_171' title='bbox 858 1647 894 1681; x_wconf 88' lang='lat' dir='ltr'><strong>in</strong></span> <span class='ocrx_word' id='word_1_172' title='bbox 923 1647 998 1681; x_wconf 91' lang='lat' dir='ltr'><strong>Hb.</strong></span> <span class='ocrx_word' id='word_1_173' title='bbox 1028 1645 1139 1688; x_wconf 85' lang='lat' dir='ltr'><strong>Hk.).</strong></span> 
     </span>
    </p>

    <p class='ocr_par' dir='ltr' id='par_1_12' title="bbox 96 1702 1616 1928">
     <span class='ocr_line' id='line_1_25' title="bbox 192 1702 1614 1751; baseline -0.002 -11"><span class='ocrx_word' id='word_1_174' title='bbox 192 1706 388 1751; x_wconf 80' lang='lat' dir='ltr'><strong>Caespites</strong></span> <span class='ocrx_word' id='word_1_175' title='bbox 414 1711 579 1741; x_wconf 85' lang='lat' dir='ltr'><strong>saturate</strong></span> <span class='ocrx_word' id='word_1_176' title='bbox 607 1707 714 1741; x_wconf 85' lang='lat' dir='ltr'><strong>susci.</strong></span> <span class='ocrx_word' id='word_1_177' title='bbox 767 1707 904 1741; x_wconf 86' lang='lat' dir='ltr'><strong>Caules</strong></span> <span class='ocrx_word' id='word_1_178' title='bbox 936 1709 946 1739; x_wconf 90' lang='lat'>1</span> <span class='ocrx_word' id='word_1_179' title='bbox 981 1726 996 1732; x_wconf 92' lang='lat'>-</span> <span class='ocrx_word' id='word_1_180' title='bbox 1026 1708 1049 1738; x_wconf 85' lang='lat'>2</span> <span class='ocrx_word' id='word_1_181' title='bbox 1074 1704 1161 1748; x_wconf 84' lang='lat' dir='ltr'><strong>poll.</strong></span> <span class='ocrx_word' id='word_1_182' title='bbox 1188 1703 1309 1746; x_wconf 80' lang='lat' dir='ltr'><strong>longi3</strong></span> <span class='ocrx_word' id='word_1_183' title='bbox 1345 1702 1438 1736; x_wconf 85' lang='lat' dir='ltr'><strong>rami</strong></span> <span class='ocrx_word' id='word_1_184' title='bbox 1470 1702 1614 1737; x_wconf 82' lang='lat' dir='ltr'><strong>breves.</strong></span> 
     </span>
     <span class='ocr_line' id='line_1_26' title="bbox 96 1762 1616 1807; baseline -0.002 -8"><span class='ocrx_word' id='word_1_185' title='bbox 96 1765 204 1800; x_wconf 80' lang='lat' dir='ltr'><strong>Folia</strong></span> <span class='ocrx_word' id='word_1_186' title='bbox 239 1767 324 1801; x_wconf 81' lang='lat' dir='ltr'><strong>laxe</strong></span> <span class='ocrx_word' id='word_1_187' title='bbox 359 1767 574 1807; x_wconf 89' lang='lat' dir='ltr'><strong>imbricata,</strong></span> <span class='ocrx_word' id='word_1_188' title='bbox 611 1765 789 1806; x_wconf 78' lang='lat' dir='ltr'><strong>flaccida,</strong></span> <span class='ocrx_word' id='word_1_189' title='bbox 836 1765 973 1798; x_wconf 89' lang='lat' dir='ltr'><strong>areolis</strong></span> <span class='ocrx_word' id='word_1_190' title='bbox 1008 1774 1136 1798; x_wconf 87' lang='lat' dir='ltr'><strong>versus</strong></span> <span class='ocrx_word' id='word_1_191' title='bbox 1177 1762 1281 1796; x_wconf 88' lang='lat' dir='ltr'><strong>basin</strong></span> <span class='ocrx_word' id='word_1_192' title='bbox 1317 1763 1425 1797; x_wconf 89' lang='lat' dir='ltr'><strong>valde</strong></span> <span class='ocrx_word' id='word_1_193' title='bbox 1460 1763 1616 1805; x_wconf 71' lang='lat' dir='ltr'><strong>magnis.</strong></span> 
     </span>
     <span class='ocr_line' id='line_1_27' title="bbox 96 1821 1616 1870; baseline -0.004 -10"><span class='ocrx_word' id='word_1_194' title='bbox 96 1826 263 1869; x_wconf 78' lang='lat' dir='ltr'><strong>margine</strong></span> <span class='ocrx_word' id='word_1_195' title='bbox 281 1826 418 1860; x_wconf 85' lang='lat' dir='ltr'><strong>dorsali</strong></span> <span class='ocrx_word' id='word_1_196' title='bbox 439 1836 551 1870; x_wconf 86' lang='lat' dir='ltr'><strong>quam</strong></span> <span class='ocrx_word' id='word_1_197' title='bbox 570 1825 727 1859; x_wconf 78' lang='lat' dir='ltr'><strong>ventrali</strong></span> <span class='ocrx_word' id='word_1_198' title='bbox 748 1824 865 1866; x_wconf 82' lang='lat' dir='ltr'><strong>magis</strong></span> <span class='ocrx_word' id='word_1_199' title='bbox 885 1827 1052 1856; x_wconf 83' lang='lat' dir='ltr'><strong>curvata.</strong></span> <span class='ocrx_word' id='word_1_200' title='bbox 1105 1821 1382 1865; x_wconf 80' lang='lat' dir='ltr'><strong>Amphigastria</strong></span> <span class='ocrx_word' id='word_1_201' title='bbox 1407 1821 1458 1854; x_wconf 83' lang='lat' dir='ltr'><strong>ita</strong></span> <span class='ocrx_word' id='word_1_202' title='bbox 1477 1822 1616 1862; x_wconf 86' lang='lat' dir='ltr'><strong>tenuia,</strong></span> 
     </span>
     <span class='ocr_line' id='line_1_28' title="bbox 96 1883 622 1928; baseline 0.004 -12"><span class='ocrx_word' id='word_1_203' title='bbox 96 1888 136 1916; x_wconf 88' lang='lat' dir='ltr'><strong>ut</strong></span> <span class='ocrx_word' id='word_1_204' title='bbox 162 1884 236 1917; x_wconf 87' lang='lat' dir='ltr'><strong>fere</strong></span> <span class='ocrx_word' id='word_1_205' title='bbox 263 1883 508 1928; x_wconf 85' lang='lat' dir='ltr'><strong>inconspicua</strong></span> <span class='ocrx_word' id='word_1_206' title='bbox 536 1885 622 1918; x_wconf 88' lang='lat' dir='ltr'><strong>sint.</strong></span> 
     </span>
    </p>

    <p class='ocr_par' dir='ltr' id='par_1_13' title="bbox 193 1938 1618 1990">
     <span class='ocr_line' id='line_1_29' title="bbox 193 1938 1618 1990; baseline -0.002 -15"><span class='ocrx_word' id='word_1_207' title='bbox 193 1942 334 1977; x_wconf 88' lang='lat' dir='ltr'><strong>Similis</strong></span> <span class='ocrx_word' id='word_1_208' title='bbox 367 1944 445 1990; x_wconf 67' lang='lat' dir='ltr'><strong>qu.</strong></span> <span class='ocrx_word' id='word_1_209' title='bbox 473 1951 659 1984; x_wconf 80' lang='lat' dir='ltr'><strong>tortuosae,</strong></span> <span class='ocrx_word' id='word_1_210' title='bbox 695 1942 762 1977; x_wconf 86' lang='lat' dir='ltr'><strong>sed</strong></span> <span class='ocrx_word' id='word_1_211' title='bbox 797 1940 1064 1986; x_wconf 82' lang='lat' dir='ltr'><strong>amphigastria</strong></span> <span class='ocrx_word' id='word_1_212' title='bbox 1101 1939 1211 1974; x_wconf 85' lang='lat' dir='ltr'><strong>bifida</strong></span> <span class='ocrx_word' id='word_1_213' title='bbox 1248 1943 1284 1973; x_wconf 91' lang='lat' dir='ltr'><strong>et</strong></span> <span class='ocrx_word' id='word_1_214' title='bbox 1319 1939 1406 1973; x_wconf 84' lang='lat' dir='ltr'><strong>folia</strong></span> <span class='ocrx_word' id='word_1_215' title='bbox 1441 1938 1618 1972; x_wconf 82' lang='lat' dir='ltr'><strong>minutius</strong></span> 
     </span>
    </p>
   </div>
   <div class='ocr_carea' id='block_1_6' title="bbox 96 2000 1260 2045">
    <p class='ocr_par' dir='ltr' id='par_1_14' title="bbox 96 2000 1260 2045">
     <span class='ocr_line' id='line_1_30' title="bbox 96 2000 1260 2045; baseline -0.004 -9"><span class='ocrx_word' id='word_1_216' title='bbox 96 2002 329 2037; x_wconf 85' lang='lat' dir='ltr'><strong>denticulata</strong></span> <span class='ocrx_word' id='word_1_217' title='bbox 354 2004 450 2037; x_wconf 84' lang='lat' dir='ltr'><strong>bene</strong></span> <span class='ocrx_word' id='word_1_218' title='bbox 477 2008 642 2037; x_wconf 87' lang='lat' dir='ltr'><strong>nostram</strong></span> <span class='ocrx_word' id='word_1_219' title='bbox 671 2002 916 2045; x_wconf 82' lang='lat' dir='ltr'><strong>distinguunt.</strong></span> <span class='ocrx_word' id='word_1_220' title='bbox 967 2000 1119 2043; x_wconf 84' lang='lat' dir='ltr'><strong>(Taylor</strong></span> <span class='ocrx_word' id='word_1_221' title='bbox 1145 2000 1167 2033; x_wconf 88' lang='grc' dir='ltr'><strong>Ι.</strong></span> <span class='ocrx_word' id='word_1_222' title='bbox 1196 2000 1260 2042; x_wconf 76' lang='lat' dir='ltr'><strong>c).</strong></span> 
     </span>
    </p>
   </div>
   <div class='ocr_carea' id='block_1_7' title="bbox 95 2091 1280 2141">
    <p class='ocr_par' dir='ltr' id='par_1_15' title="bbox 95 2091 1280 2141">
     <span class='ocr_line' id='line_1_31' title="bbox 95 2091 1280 2141; baseline -0.004 -12"><span class='ocrx_word' id='word_1_223' title='bbox 95 2106 132 2139; x_wconf 89' lang='lat' dir='ltr'><strong>p.</strong></span> <span class='ocrx_word' id='word_1_224' title='bbox 158 2098 242 2129; x_wconf 83' lang='lat'>340.</span> <span class='ocrx_word' id='word_1_225' title='bbox 439 2098 485 2129; x_wconf 92' lang='lat'><strong>66</strong></span> <span class='ocrx_word' id='word_1_226' title='bbox 501 2106 532 2129; x_wconf 86' lang='lat' dir='ltr'><strong>c.</strong></span> <span class='ocrx_word' id='word_1_227' title='bbox 583 2095 845 2141; x_wconf 71' lang='lat' dir='ltr'><strong>LcJ&#39;eunia</strong></span> <span class='ocrx_word' id='word_1_228' title='bbox 872 2093 1105 2138; x_wconf 73' lang='lat' dir='ltr'><strong>epitheta</strong></span> <span class='ocrx_word' id='word_1_229' title='bbox 1131 2091 1280 2135; x_wconf 75' lang='lat' dir='ltr'><strong>Taylor.</strong></span> 
     </span>
    </p>
   </div>
   <div class='ocr_carea' id='block_1_8' title="bbox 85 2160 1623 2518">
    <p class='ocr_par' dir='ltr' id='par_1_16' title="bbox 85 2160 1623 2388">
     <span class='ocr_line' id='line_1_32' title="bbox 194 2160 1618 2212; baseline -0.003 -13"><span class='ocrx_word' id='word_1_230' title='bbox 194 2166 238 2199; x_wconf 95' lang='lat' dir='ltr'><strong>L.</strong></span> <span class='ocrx_word' id='word_1_231' title='bbox 273 2165 369 2199; x_wconf 78' lang='lat' dir='ltr'><strong>caule</strong></span> <span class='ocrx_word' id='word_1_232' title='bbox 404 2177 522 2210; x_wconf 78' lang='lat' dir='ltr'><strong>sparso</strong></span> <span class='ocrx_word' id='word_1_233' title='bbox 557 2172 696 2210; x_wconf 81' lang='lat' dir='ltr'><strong>repente</strong></span> <span class='ocrx_word' id='word_1_234' title='bbox 722 2167 880 2212; x_wconf 79' lang='lat' dir='ltr'><strong>adpresso</strong></span> <span class='ocrx_word' id='word_1_235' title='bbox 913 2177 995 2208; x_wconf 69' lang='lat' dir='ltr'><strong>vaye</strong></span> <span class='ocrx_word' id='word_1_236' title='bbox 1019 2175 1174 2202; x_wconf 75' lang='lat' dir='ltr'><strong>ramoso,</strong></span> <span class='ocrx_word' id='word_1_237' title='bbox 1209 2160 1357 2195; x_wconf 80' lang='lat' dir='ltr'><strong>sarculis</strong></span> <span class='ocrx_word' id='word_1_238' title='bbox 1381 2160 1618 2206; x_wconf 76' lang='lat' dir='ltr'><strong>complanatis,</strong></span> 
     </span>
     <span class='ocr_line' id='line_1_33' title="bbox 85 2220 1618 2270; baseline -0.004 -12"><span class='ocrx_word' id='word_1_239' title='bbox 85 2224 191 2269; x_wconf 86' lang='lat' dir='ltr'><strong>foliis</strong></span> <span class='ocrx_word' id='word_1_240' title='bbox 215 2225 304 2258; x_wconf 72' lang='lat' dir='ltr'><strong>lamis</strong></span> <span class='ocrx_word' id='word_1_241' title='bbox 325 2224 653 2270; x_wconf 75' lang='lat' dir='ltr'><strong>erecto-patentibus</strong></span> <span class='ocrx_word' id='word_1_242' title='bbox 677 2237 717 2258; x_wconf 74' lang='lat' dir='ltr'><strong>ex</strong></span> <span class='ocrx_word' id='word_1_243' title='bbox 733 2231 879 2269; x_wconf 70' lang='lat' dir='ltr'><strong>anqusta</strong></span> <span class='ocrx_word' id='word_1_244' title='bbox 901 2224 973 2256; x_wconf 81' lang='lat' dir='ltr'><strong>basi</strong></span> <span class='ocrx_word' id='word_1_245' title='bbox 997 2220 1306 2256; x_wconf 70' lang='lat' dir='ltr'><strong>[limidiato-ovatis</strong></span> <span class='ocrx_word' id='word_1_246' title='bbox 1330 2221 1443 2253; x_wconf 67' lang='lat' dir='ltr'><strong>accitis</strong></span> <span class='ocrx_word' id='word_1_247' title='bbox 1459 2221 1618 2260; x_wconf 77' lang='lat' dir='ltr'><strong>dentatis,</strong></span> 
     </span>
     <span class='ocr_line' id='line_1_34' title="bbox 98 2279 1623 2328; baseline -0.003 -12"><span class='ocrx_word' id='word_1_248' title='bbox 98 2282 219 2316; x_wconf 78' lang='lat' dir='ltr'><strong>lohulis</strong></span> <span class='ocrx_word' id='word_1_249' title='bbox 245 2283 561 2317; x_wconf 77' lang='lat' dir='ltr'><strong>ovato-lanceolatis</strong></span> <span class='ocrx_word' id='word_1_250' title='bbox 587 2283 762 2324; x_wconf 68' lang='lat' dir='ltr'><strong>involutis,</strong></span> <span class='ocrx_word' id='word_1_251' title='bbox 789 2283 1052 2328; x_wconf 75' lang='lat' dir='ltr'><strong>amphiyastriis</strong></span> <span class='ocrx_word' id='word_1_252' title='bbox 1076 2280 1217 2314; x_wconf 77' lang='lat' dir='ltr'><strong>minutis</strong></span> <span class='ocrx_word' id='word_1_253' title='bbox 1245 2279 1423 2325; x_wconf 77' lang='lat' dir='ltr'><strong>bipartitis</strong></span> <span class='ocrx_word' id='word_1_254' title='bbox 1445 2280 1623 2324; x_wconf 72' lang='lat' dir='ltr'><strong>seymentis</strong></span> 
     </span>
     <span class='ocr_line' id='line_1_35' title="bbox 97 2338 1356 2388; baseline -0.004 -12"><span class='ocrx_word' id='word_1_255' title='bbox 97 2341 266 2376; x_wconf 74' lang='lat' dir='ltr'><strong>subulatis</strong></span> <span class='ocrx_word' id='word_1_256' title='bbox 290 2343 503 2384; x_wconf 75' lang='lat' dir='ltr'><strong>divaricatis,</strong></span> <span class='ocrx_word' id='word_1_257' title='bbox 527 2343 715 2388; x_wconf 66' lang='lat' dir='ltr'><strong>pei-iyoniis</strong></span> <span class='ocrx_word' id='word_1_258' title='bbox 742 2341 980 2375; x_wconf 76' lang='lat' dir='ltr'><strong>terminalibus</strong></span> <span class='ocrx_word' id='word_1_259' title='bbox 1006 2338 1196 2374; x_wconf 77' lang='lat' dir='ltr'><strong>linearibus</strong></span> <span class='ocrx_word' id='word_1_260' title='bbox 1218 2338 1356 2372; x_wconf 80' lang='lat' dir='ltr'><strong>obtusis.</strong></span> 
     </span>
    </p>

    <p class='ocr_par' dir='ltr' id='par_1_17' title="bbox 288 2406 1619 2518">
     <span class='ocr_line' id='line_1_36' title="bbox 288 2406 1619 2457; baseline -0.003 -12"><span class='ocrx_word' id='word_1_261' title='bbox 288 2414 453 2455; x_wconf 85' lang='lat' dir='ltr'><strong>Lejeunia</strong></span> <span class='ocrx_word' id='word_1_262' title='bbox 495 2415 641 2457; x_wconf 78' lang='lat' dir='ltr'><strong>epitheta</strong></span> <span class='ocrx_word' id='word_1_263' title='bbox 686 2411 790 2457; x_wconf 76' lang='lat' dir='ltr'><strong>Tayl.</strong></span> <span class='ocrx_word' id='word_1_264' title='bbox 830 2412 918 2445; x_wconf 87' lang='lat' dir='ltr'><strong>Nov.</strong></span> <span class='ocrx_word' id='word_1_265' title='bbox 958 2412 1049 2457; x_wconf 76' lang='lat' dir='ltr'><em>Hep.</em></span> <span class='ocrx_word' id='word_1_266' title='bbox 1088 2411 1125 2444; x_wconf 82' lang='lat' dir='ltr'><strong>in</strong></span> <span class='ocrx_word' id='word_1_267' title='bbox 1163 2410 1276 2444; x_wconf 86' lang='lat' dir='ltr'><strong>Lond.</strong></span> <span class='ocrx_word' id='word_1_268' title='bbox 1315 2409 1442 2442; x_wconf 81' lang='lat' dir='ltr'><strong>Journ.</strong></span> <span class='ocrx_word' id='word_1_269' title='bbox 1480 2408 1524 2452; x_wconf 74' lang='lat' dir='ltr'><strong>qf</strong></span> <span class='ocrx_word' id='word_1_270' title='bbox 1552 2406 1619 2442; x_wconf 82' lang='lat' dir='ltr'><strong>bot.</strong></span> 
     </span>
     <span class='ocr_line' id='line_1_37' title="bbox 379 2473 797 2518; baseline -0.005 -13"><span class='ocrx_word' id='word_1_271' title='bbox 379 2475 482 2507; x_wconf 85' lang='lat'>1846.</span> <span class='ocrx_word' id='word_1_272' title='bbox 502 2484 542 2518; x_wconf 82' lang='lat' dir='ltr'><strong>p.</strong></span> <span class='ocrx_word' id='word_1_273' title='bbox 568 2475 652 2506; x_wconf 81' lang='lat'>395.</span> <span class='ocrx_word' id='word_1_274' title='bbox 678 2484 712 2504; x_wconf 83' lang='lat' dir='ltr'><strong>n.</strong></span> <span class='ocrx_word' id='word_1_275' title='bbox 743 2473 797 2504; x_wconf 89' lang='lat'><strong>17.</strong></span> 
     </span>
    </p>
   </div>
   <div class='ocr_carea' id='block_1_9' title="bbox 198 2536 1621 2582">
    <p class='ocr_par' dir='ltr' id='par_1_18' title="bbox 198 2536 1621 2582">
     <span class='ocr_line' id='line_1_38' title="bbox 198 2536 1621 2582; baseline -0.006 -4"><span class='ocrx_word' id='word_1_276' title='bbox 198 2544 359 2578; x_wconf 83' lang='lat' dir='ltr'><strong>Habitat</strong></span> <span class='ocrx_word' id='word_1_277' title='bbox 399 2544 436 2577; x_wconf 89' lang='lat' dir='ltr'><strong>in</strong></span> <span class='ocrx_word' id='word_1_278' title='bbox 475 2542 585 2576; x_wconf 89' lang='lat' dir='ltr'><strong>India</strong></span> <span class='ocrx_word' id='word_1_279' title='bbox 626 2541 870 2582; x_wconf 84' lang='lat' dir='ltr'><strong>occidentali,</strong></span> <span class='ocrx_word' id='word_1_280' title='bbox 913 2541 950 2574; x_wconf 85' lang='lat' dir='ltr'><strong>in</strong></span> <span class='ocrx_word' id='word_1_281' title='bbox 987 2539 1075 2574; x_wconf 85' lang='lat' dir='ltr'><strong>folio</strong></span> <span class='ocrx_word' id='word_1_282' title='bbox 1114 2539 1266 2582; x_wconf 84' lang='lat' dir='ltr'><strong>plantae</strong></span> <span class='ocrx_word' id='word_1_283' title='bbox 1314 2536 1621 2581; x_wconf 83' lang='lat' dir='ltr'><strong>dicotyledoneae</strong></span> 
     </span>
    </p>
   </div>
   <div class='ocr_carea' id='block_1_10' title="bbox 99 2602 1620 2703">
    <p class='ocr_par' dir='ltr' id='par_1_19' title="bbox 99 2602 1620 2703">
     <span class='ocr_line' id='line_1_39' title="bbox 99 2602 749 2645; baseline -0.006 -7"><span class='ocrx_word' id='word_1_284' title='bbox 99 2603 263 2644; x_wconf 67' lang='lat' dir='ltr'><strong>(Couton</strong></span> <span class='ocrx_word' id='word_1_285' title='bbox 290 2604 327 2637; x_wconf 86' lang='lat' dir='ltr'><strong>in</strong></span> <span class='ocrx_word' id='word_1_286' title='bbox 356 2603 432 2637; x_wconf 88' lang='lat' dir='ltr'><strong>Hb.</strong></span> <span class='ocrx_word' id='word_1_287' title='bbox 461 2602 537 2636; x_wconf 83' lang='lat' dir='ltr'><strong>Hk.</strong></span> <span class='ocrx_word' id='word_1_288' title='bbox 564 2613 597 2636; x_wconf 86' lang='lat' dir='ltr'><strong>a.</strong></span> <span class='ocrx_word' id='word_1_289' title='bbox 628 2602 749 2645; x_wconf 84' lang='lat'>1814).</span> 
     </span>
     <span class='ocr_line' id='line_1_40' title="bbox 196 2654 1620 2703; baseline -0.006 -7"><span class='ocrx_word' id='word_1_290' title='bbox 196 2662 343 2697; x_wconf 86' lang='lat' dir='ltr'><strong>Pallide</strong></span> <span class='ocrx_word' id='word_1_291' title='bbox 370 2663 487 2696; x_wconf 83' lang='lat' dir='ltr'><strong>fusca.</strong></span> <span class='ocrx_word' id='word_1_292' title='bbox 525 2660 648 2694; x_wconf 81' lang='lat' dir='ltr'><strong>Gaules</strong></span> <span class='ocrx_word' id='word_1_293' title='bbox 674 2661 748 2694; x_wconf 87' lang='lat' dir='ltr'><strong>fere</strong></span> <span class='ocrx_word' id='word_1_294' title='bbox 776 2657 1078 2703; x_wconf 78' lang='lat' dir='ltr'><strong>semipoliicares.</strong></span> <span class='ocrx_word' id='word_1_295' title='bbox 1124 2656 1230 2690; x_wconf 85' lang='lat' dir='ltr'><strong>Folia</strong></span> <span class='ocrx_word' id='word_1_296' title='bbox 1245 2655 1411 2698; x_wconf 83' lang='lat' dir='ltr'><strong>paullum</strong></span> <span class='ocrx_word' id='word_1_297' title='bbox 1429 2654 1620 2696; x_wconf 85' lang='lat' dir='ltr'><strong>distantia,</strong></span> 
     </span>
    </p>
   </div>
   <div class='ocr_carea' id='block_1_11' title="bbox 99 2713 1621 2765">
    <p class='ocr_par' dir='ltr' id='par_1_20' title="bbox 99 2713 1621 2765">
     <span class='ocr_line' id='line_1_41' title="bbox 99 2713 1621 2765; baseline -0.007 -9"><span class='ocrx_word' id='word_1_298' title='bbox 99 2722 181 2756; x_wconf 89' lang='lat' dir='ltr'><strong>basi</strong></span> <span class='ocrx_word' id='word_1_299' title='bbox 222 2725 421 2765; x_wconf 81' lang='lat' dir='ltr'><strong>angustata</strong></span> <span class='ocrx_word' id='word_1_300' title='bbox 460 2720 593 2755; x_wconf 86' lang='lat' dir='ltr'><strong>leviter</strong></span> <span class='ocrx_word' id='word_1_301' title='bbox 631 2719 808 2760; x_wconf 79' lang='lat' dir='ltr'><strong>incurva,</strong></span> <span class='ocrx_word' id='word_1_302' title='bbox 857 2718 1023 2760; x_wconf 84' lang='lat' dir='ltr'><strong>margine</strong></span> <span class='ocrx_word' id='word_1_303' title='bbox 1065 2715 1202 2750; x_wconf 85' lang='lat' dir='ltr'><strong>dorsali</strong></span> <span class='ocrx_word' id='word_1_304' title='bbox 1242 2714 1418 2758; x_wconf 88' lang='lat' dir='ltr'><strong>gibbosa,</strong></span> <span class='ocrx_word' id='word_1_305' title='bbox 1463 2713 1621 2747; x_wconf 85' lang='lat' dir='ltr'><strong>ventrali</strong></span> 
     </span>
    </p>
   </div>
   <div class='ocr_carea' id='block_1_12' title="bbox 100 2779 1621 2882">
    <p class='ocr_par' dir='ltr' id='par_1_21' title="bbox 100 2779 1621 2882">
     <span class='ocr_line' id='line_1_42' title="bbox 100 2779 316 2814; baseline 0.005 -1"><span class='ocrx_word' id='word_1_306' title='bbox 100 2779 176 2813; x_wconf 80' lang='lat' dir='ltr'><strong>fere</strong></span> <span class='ocrx_word' id='word_1_307' title='bbox 204 2783 316 2814; x_wconf 85' lang='lat' dir='ltr'><strong>recta.</strong></span> 
     </span>
     <span class='ocr_line' id='line_1_43' title="bbox 198 2831 1621 2882; baseline -0.006 -9"><span class='ocrx_word' id='word_1_308' title='bbox 198 2839 239 2873; x_wconf 92' lang='lat' dir='ltr'><strong>Si</strong></span> <span class='ocrx_word' id='word_1_309' title='bbox 266 2838 531 2882; x_wconf 83' lang='lat' dir='ltr'><strong>amphigastria</strong></span> <span class='ocrx_word' id='word_1_310' title='bbox 560 2837 670 2871; x_wconf 82' lang='lat' dir='ltr'><strong>bifida</strong></span> <span class='ocrx_word' id='word_1_311' title='bbox 697 2835 920 2881; x_wconf 79' lang='lat' dir='ltr'><strong>negiexeris,</strong></span> <span class='ocrx_word' id='word_1_312' title='bbox 949 2835 1041 2868; x_wconf 86' lang='lat' dir='ltr'><strong>haec</strong></span> <span class='ocrx_word' id='word_1_313' title='bbox 1068 2834 1114 2868; x_wconf 89' lang='lat' dir='ltr'><strong>ad</strong></span> <span class='ocrx_word' id='word_1_314' title='bbox 1127 2834 1170 2867; x_wconf 93' lang='lat' dir='ltr'><strong>L.</strong></span> <span class='ocrx_word' id='word_1_315' title='bbox 1185 2832 1379 2867; x_wconf 82' lang='lat' dir='ltr'><strong>lunulatam</strong></span> <span class='ocrx_word' id='word_1_316' title='bbox 1405 2831 1621 2873; x_wconf 80' lang='lat' dir='ltr'><strong>accederet3</strong></span> 
     </span>
    </p>
   </div>
   <div class='ocr_carea' id='block_1_13' title="bbox 102 2897 1345 3003">
    <p class='ocr_par' dir='ltr' id='par_1_22' title="bbox 102 2897 1345 3003">
     <span class='ocr_line' id='line_1_44' title="bbox 102 2897 1036 2933; baseline -0.004 -1"><span class='ocrx_word' id='word_1_317' title='bbox 102 2902 227 2932; x_wconf 84' lang='lat' dir='ltr'><strong>tamen</strong></span> <span class='ocrx_word' id='word_1_318' title='bbox 255 2898 345 2932; x_wconf 76' lang='lat' dir='ltr'><strong>folia</strong></span> <span class='ocrx_word' id='word_1_319' title='bbox 371 2902 481 2932; x_wconf 78' lang='lat' dir='ltr'><strong>acuta</strong></span> <span class='ocrx_word' id='word_1_320' title='bbox 509 2903 544 2933; x_wconf 82' lang='lat' dir='ltr'><strong>et</strong></span> <span class='ocrx_word' id='word_1_321' title='bbox 571 2897 733 2932; x_wconf 83' lang='lat' dir='ltr'><strong>validius</strong></span> <span class='ocrx_word' id='word_1_322' title='bbox 760 2897 914 2931; x_wconf 79' lang='lat' dir='ltr'><strong>dentata</strong></span> <span class='ocrx_word' id='word_1_323' title='bbox 939 2898 1036 2929; x_wconf 81' lang='lat' dir='ltr'><strong>sunt.</strong></span> 
     </span>
     <span class='ocr_line' id='line_1_45' title="bbox 1252 2974 1345 3003; baseline 0 0"><span class='ocrx_word' id='word_1_324' title='bbox 1252 2974 1305 3003; x_wconf 80' lang='lat'><strong>48</strong></span> <span class='ocrx_word' id='word_1_325' title='bbox 1331 2974 1345 2990; x_wconf 75' lang='lat'><em>&#39;</em></span> 
     </span>
    </p>
   </div>
  </div>
 </body>
</html>
