1824 3252
174 174 245 206 438
836 166 1042 201 Frullania.

272 281 433 317 Habitat
458 281 495 316 in
520 279 706 315 Hibernia
735 279 782 313 ad
799 290 908 324 rupes
934 290 1019 314 eum
1059 279 1252 315 Frullam'a
1274 280 1426 316 dilatata
1443 284 1480 315 et
1499 281 1702 317 Tamarisci

175 343 221 377 ad
252 343 490 383 Dunkerron‚
519 340 600 374 Ben
629 338 708 372 Ree
734 338 886 383 (Taylor
913 350 948 374 a.
977 339 1102 384 1829);
1136 339 1175 373 in
1203 340 1341 374 Suecia
1366 350 1481 385 prope
1508 340 1701 376 Holmiam

173 400 376 445 (Nyman);
412 399 448 433 in
477 398 636 432 Silesiae
662 402 786 432 monte
814 397 963 441 Kynast
987 398 1083 440 (Hb.
1113 397 1161 432 N.
1189 403 1226 432 et
1252 399 1375 443 Flot.).

273 458 418 493 Sterilis
443 456 657 491 Frullaniae
682 456 854 491 dilatatae
881 455 1090 498 simillima,
1119 468 1188 491 nec
1215 456 1480 501 distinguenda
1506 458 1578 493 nisi
1606 459 1702 494 soliis

174 517 344 561 pluribus
370 516 468 550 linea
495 516 731 551 moniliformi
765 516 864 550 haud
894 527 978 550 raro
1005 527 1024 550 e
1052 516 1192 560 duplici
1228 515 1323 550 serie
1358 517 1574 553 cellularum
1609 530 1699 553 con-

175 580 299 610 stante
334 575 472 609 notatis
509 580 546 609 ct
581 575 758 610 auriculis
795 576 982 610 nonnullis
1015 576 1199 619 oblongis.
1252 575 1532 620 Amphigastria
1555 588 1704 622 quoque

175 634 415 669 conveniunt.
467 635 666 670 Involucro
695 640 818 669 autem
848 641 991 669 serrato
1018 642 1053 670 et
1080 634 1292 679 per-ianthio
1324 635 1421 670 laevi
1450 636 1497 669 ab
1523 635 1585 669 illa
1612 636 1704 671 satis

175 704 361 737 superque
394 694 529 728 differt.
580 695 776 728 Frullania
805 695 1008 729 Tamarisei
1041 695 1191 729 diversa
1226 699 1283 729 est
1314 694 1508 736 foliorum,
1551 694 1702 728 auricua

175 754 293 786 larum
322 753 483 797 plurium
511 759 547 789 et
574 755 923 798 amphigastriorum
954 754 1070 789 forma
1097 764 1167 788 nec
1192 764 1264 788 non
1292 754 1504 798 perianthio
1524 755 1704 790 breviore.

465 840 523 872 60.
574 838 865 874 Frullania
894 837 1192 873 Tamaris-ci
1220 836 1268 871 N.
1297 837 1344 870 ab
1372 837 1415 872 E.

272 907 338 940 Fr.
363 908 503 955 diyyna,
532 909 739 956 bt'pz’mzatz'm
764 923 900 950 ramosa
926 910 1103 956 rfiqiclula,
1125 910 1232 956 foliis
1256 909 1455 944 orbiculatis
1479 910 1605 945 obtusis
1629 923 1706 946 mu-

174 966 484 1002 cronulato-aeutis
510 975 541 1002 ec
566 969 834 1004 subacuminatis
859 972 1012 1005 (leeurvis
1036 970 1198 1004 nitidulis
1223 970 1455 1016 inteyerrz‘mis
1481 970 1571 1004 linea
1594 971 1708 1004 media,

175 1026 408 1072 monilg'formi
433 1029 573 1070 notatis,
600 1029 760 1063 auricula
785 1029 877 1063 omli
903 1036 964 1064 aut
989 1029 1134 1074 oblonya
1158 1042 1181 1062 [ι
1205 1029 1301 1063 caule
1325 1031 1485 1072 distante,
1511 1029 1706 1064 involucra-

176 1083 265 1118 libus
291 1086 404 1132 bifidis
428 1088 624 1127 serrulatis,
652 1089 913 1134 umpltiyastriis
938 1090 1241 1134 quadrato-oratis
1273 1088 1458 1122 obaz-atisve
1482 1089 1708 1133 emaiyz‘natis

176 1146 334 1189 maryz'ne
358 1147 542 1190 revolutis,
576 1147 722 1181 caulinis
741 1147 904 1194 pluribus
937 1147 1010 1181 basi
1034 1147 1476 1191 sinuato-subcalearacis,
1509 1148 1708 1194 periantltio

177 1203 318 1252 oblonyo
342 1208 440 1242 dorso
465 1207 597 1242 sulcato
623 1215 737 1242 ventre
762 1207 876 1242 obtuse
901 1208 1132 1242 unicarinato.

369 1269 541 1300 Frullania
569 1270 759 1300 Tamarisci
788 1268 836 1301 N.
863 1266 905 1300 ab
932 1267 980 1300 E.
1008 1267 1102 1314 Hep.
1131 1267 1222 1302 Eur.
1253 1267 1328 1301 111.
1348 1280 1387 1314 Ρ.
1413 1269 1595 1302 229.216.
1622 1280 1656 1301 n.
1673 1270 1709 1302 2.

458 1326 526 1360 IV.
548 1339 586 1372 p.
615 1326 700 1362 LX.
755 1326 919 1361 Gottselze
946 1327 1045 1362 Icovz.
1071 1327 1239 1361 ,Fr-ullave.
1266 1328 1385 1361 inedit.

368 1385 494 1418 Jubnla
523 1387 713 1418 Tamarisci
750 1386 918 1421 Dumort.
948 1386 1078 1420 Comm.
1112 1386 1178 1422 bot.
1206 1400 1246 1433 p.
1277 1390 1357 1422 112.
1409 1387 1497 1435 Syll.
1523 1388 1708 1433 Junfserm.

449 1457 490 1490 p.
517 1447 575 1479 37.
601 1458 635 1478 n.
667 1447 721 1479 14.
775 1446 823 1479 N.
850 1445 893 1479 ab
920 1446 966 1481 E.
995 1446 1088 1492 Hep.
1116 1446 1208 1481 Eur.
1237 1447 1268 1481 Ι.
1290 1459 1330 1492 p.
1356 1450 1418 1482 96.

370 1505 639 1547 Jungermannia
655 1506 844 1537 Tamarisci
862 1505 969 1540 Linn.
986 1518 1036 1552 sp.
1049 1505 1100 1552 pl.
1129 1506 1182 1540 ΙΙ.
1200 1519 1237 1552 p.
1257 1509 1360 1540 1600.
1375 1518 1411 1541 n.
1430 1509 1485 1541 16.
1537 1505 1708 1541 Lindenb.

458 1562 553 1609 Hep.
582 1563 676 1597 Eur.
699 1576 737 1609 p.
768 1567 823 1599 17.
849 1576 885 1599 n.
916 1568 946 1600 1.
997 1565 1112 1599 Mart.
1139 1565 1200 1599 Fl.
1236 1578 1284 1599 cr.
1313 1565 1393 1600 Erl.
1422 1578 1461 1611 p.
1491 1568 1571 1599 131.
1610 1578 1645 1600 n.
1672 1568 1708 1599 3.

459 1629 484 1656 t.
510 1623 600 1668 3.f.
628 1626 662 1658 4.
715 1623 777 1658 Fl.
805 1624 903 1660 Dan.
932 1632 957 1659 t.
987 1628 1092 1660 1894.
1143 1625 1258 1660 Hook.
1287 1625 1386 1659 Brit.
1411 1625 1597 1670 Junyerm.
1622 1632 1648 1660 t.
1674 1627 1709 1659 6.

462 1680 518 1715 De
533 1682 680 1716 Notat-is
705 1683 826 1719 Prim.
853 1685 945 1730 Hep.
972 1684 1048 1718 ital.
1071 1697 1110 1731 p.
1140 1687 1196 1720 11.
1222 1696 1258 1719 u.
1284 1687 1320 1719 6.

371 1741 544 1775 Frullania
572 1755 749 1776 racemosa
777 1744 819 1778 L.
848 1751 880 1778 et
906 1745 973 1789 Ly.
1001 1744 1113 1779 Her-h.

277 1799 413 1834 Variat
432 1802 598 1837 maxime
616 1807 763 1837 statura
784 1804 919 1839 laxiori
939 1805 998 1839 vel
1024 1804 1261 1846 confertiore,
1278 1804 1385 1838 caule
1404 1802 1523 1847 magis
1544 1802 1715 1837 minusve

182 1857 324 1901 diviso,
353 1861 476 1896 colore
503 1861 677 1897 dilutiore
705 1868 741 1897 et
768 1864 927 1898 obscure
954 1863 1059 1898 susco
1087 1864 1144 1898 vel
1172 1863 1392 1904 rusescente,
1419 1862 1517 1897 foliis
1545 1860 1714 1895 rotundis

182 1918 350 1961 obtusis,
379 1920 499 1954 acutis
526 1925 564 1955 et
590 1921 813 1965 apiculaiis,
851 1923 941 1967 quin
969 1922 1083 1956 etiam
1116 1923 1336 1966 (praecipue
1363 1922 1400 1955 in
1436 1920 1566 1964 ramis)
1592 1919 1714 1954 ovatis

183 1977 421 2020 acuminatis,
448 1979 546 2013 linea
568 1980 807 2014 monilisorini
829 1981 1001 2015 evidente
1027 1981 1085 2015 vel
1109 1981 1280 2015 obsoleta
1309 1981 1368 2014 vel
1395 1980 1509 2022 nulla,
1536 1978 1714 2013 auriculis

183 2037 630 2081 cucullato-cylindricis
657 2044 694 2074 et
721 2040 893 2083 oblongis
919 2040 1002 2074 basi
1031 2039 1252 2081 attenuatis,
1288 2039 1475 2074 nonnullis
1503 2038 1602 2072 haud
1629 2048 1714 2073 raro

186 2097 369 2139 evolutis,
405 2097 501 2141 stylo
538 2098 714 2133 subulato
747 2098 844 2133 inter
881 2099 1087 2134 auriculam
1114 2103 1152 2133 et
1178 2099 1324 2134 caulem
1350 2099 1408 2133 vel
1435 2102 1632 2142 praesente
1657 2100 1715 2134 vel

185 2154 393 2195 deficiente,
421 2157 697 2201 amphigastriis
724 2158 1147 2202 quadrato-oblongis,
1173 2158 1295 2193 ovatis
1320 2157 1560 2200 obovatisve,
1592 2158 1714 2202 magis

183 2215 353 2249 minusve
381 2217 549 2260 margine
577 2217 750 2259 reflexis,
787 2217 947 2252 breviter
983 2217 1226 2262 emarginatis
1252 2218 1311 2252 vel
1336 2217 1472 2259 bifidis,
1499 2217 1582 2252 basi
1614 2218 1713 2252 inte-

184 2273 353 2315 gerrimis
380 2276 438 2309 vel
466 2276 822 2316 sinuato-dentatis.
848 2277 1042 2313 involucro
1070 2282 1212 2313 serrato
1238 2278 1295 2312 vel
1323 2277 1574 2320 integerrimo.

281 2334 441 2369 Formae
468 2340 599 2370 notatu
627 2337 779 2380 dignae,
806 2337 1029 2372 varietatum
1057 2337 1206 2373 nomine
1232 2336 1472 2378 salutandae,
1498 2335 1563 2370 vix
1588 2338 1715 2370 tamen

185 2391 330 2435 species
355 2395 530 2439 propriae
556 2396 768 2439 habendae,
796 2402 998 2442 sequentes
1025 2397 1218 2432 videntur:

267 2451 303 2494 β,
332 2455 606 2497 mediterranea,
643 2458 797 2489 caulibus
831 2457 1121 2490 decumbentibus
1161 2458 1339 2501 iniplexi5‚
1377 2455 1482 2487 ramis
1521 2452 1715 2496 patentibus

328 2514 571 2558 adproximatis
597 2517 803 2560 plerumque
831 2517 964 2559 apicem
981 2528 1096 2549 versus
1118 2514 1398 2548 decrescentibus
1416 2512 1565 2557 pinnulis
1581 2511 1716 2542 brevis-

330 2573 448 2613 simis,
484 2575 575 2606 soliis
614 2576 789 2619 plerisque
824 2575 956 2607 obtusis
981 2577 1071 2607 linea
1097 2575 1329 2608 moniliformi
1356 2573 1551 2616 conspicua,
1578 2570 1716 2614 amplii-

330 2634 466 2675 gasu‘iis
493 2634 684 2666 maioribus
711 2633 784 2665 basi
811 2635 1055 2677 integerrimis-

464 2694 734 2735 Jungermannia
761 2695 950 2726 Tamarisci
977 2693 1228 2726 mediterranea
1256 2692 1312 2727 De
1327 2692 1475 2727 Notaris
1491 2689 1715 2736 Prim.Hep.

513 2740 825 2823 Raibghnmbon·
852 2743 886 2775 8.
936 2740 1054 2774 Moris
1078 2747 1111 2775 et
1137 2740 1195 2776 De
1211 2741 1357 2776 Notaris
1391 2739 1494 2776 Flor.
1522 2739 1717 2786 Caprariae

507 2800 547 2834 p.
650 2814 658 2822 .
711 2813 719 2822 .
796 2813 804 2821 .

470 2849 565 2880 caule
597 2849 828 2891 simpliciore,
873 2847 964 2881 foliis
1006 2850 1180 2883 nonnullis
1223 2850 1439 2885 acuminatis.
1504 2847 1715 2883 Intermedia

465 2908 554 2941 inter
580 2905 602 2945 {2
628 2916 661 2941 et
681 2914 718 2944 Ύ.
