1824 3252
892 210 922 237 Χ

149 331 198 376 in
230 328 417 392 quibus
460 326 696 372 omnibus
734 324 1063 370 confirmatus
1100 339 1209 368 sum
1247 330 1406 386 atque
1450 324 1659 372 adiutus

152 421 357 469 Camilli
395 418 720 482 Illontagm'z',
769 415 862 461 viri
909 413 1358 477 praestantissimi,
1395 417 1544 463 amici
1587 418 1660 465 di-

148 512 403 559 lectissimi
442 509 648 557 consilio
684 517 732 555 et
770 507 982 555 auxilio.
1035 506 1099 552 Et
1137 515 1241 553 tam
1279 515 1420 555 arcto
1448 510 1657 573 quidem

145 621 342 667 semper
385 602 588 648 vinculo
633 602 907 649 coniuncta
952 607 1093 646 erant
1140 608 1314 647 nostra
1359 602 1555 658 studia,
1604 613 1659 651 ut

147 714 207 743 ne
253 694 410 742 maior
464 711 578 756 pars
632 695 719 741 illa
773 693 983 757 quidem
1033 693 1292 757 Europae,
1350 711 1506 758 quam
1558 697 1659 744 late

146 787 355 835 Parisios
406 787 535 835 inter
586 797 635 835 et
679 787 1038 834 Vratislaviam
1089 786 1151 834 ad
1203 786 1443 835 viadrum
1500 798 1658 852 patet,

144 886 508 949 impedimento
544 890 685 937 esset,
727 880 1039 951 quo-minus
1075 881 1267 927 multae
1305 881 1657 944 hepaticarum

144 979 331 1043 species
373 994 555 1032 novae,
602 991 781 1038 genera
818 990 1031 1037 quoque
1079 974 1350 1029 nonnulla,
1397 976 1658 1023 communi

145 1079 320 1119 nostra
358 1087 512 1134 opera
548 1070 804 1116 illustrata
839 1074 890 1114 et
924 1067 977 1114 in
1014 1066 1226 1113 diversis
1268 1068 1509 1130 operibus
1543 1071 1660 1117 Gal-

149 1166 314 1212 lorum
360 1163 652 1217 ederentur,
702 1170 752 1208 et
798 1160 946 1209 hodie
992 1160 1043 1207 in
1094 1161 1185 1207 hac
1229 1168 1402 1208 nostra
1436 1162 1658 1226 Synopsi

145 1257 512 1322 Hepaticarum
561 1254 749 1302 additis
798 1254 983 1302 litteris
1047 1253 1120 1300 M.
1173 1264 1223 1302 et
1278 1256 1337 1302 N.
1397 1255 1659 1318 designata

143 1356 387 1414 prostent.

273 1456 409 1502 Haec
436 1461 624 1510 autem,
663 1471 795 1518 quae
828 1453 955 1510 dixi,
992 1454 1118 1502 dum
1146 1455 1447 1518 agebantur,
1485 1455 1658 1517 plures

144 1548 301 1613 elapsi
337 1554 453 1595 sunt
488 1546 620 1594 anni.
694 1547 948 1611 Deinceps
982 1564 1095 1595 vero
1131 1546 1429 1601 Meismero,
1475 1546 1657 1593 biblio-

144 1642 263 1705 pola
284 1640 659 1703 Hamburgensi
693 1641 970 1703 praeclaro,
1007 1657 1214 1704 operam
1252 1646 1558 1702 sumtusque
1590 1638 1654 1686 ad

142 1734 332 1780 libru'm
371 1735 504 1780 hunc
550 1732 805 1780 edendum
842 1733 1119 1798 pollicente
1154 1731 1359 1786 accidit,
1406 1739 1463 1777 ut
1503 1732 1653 1780 Gott-

143 1829 273 1875 scloeei
297 1835 346 1873 et
369 1827 750 1891 Linclenbetgz‘z‘,
785 1825 1010 1873 virorum
1047 1826 1100 1872 in
1138 1826 1319 1871 harum
1358 1824 1653 1887 plantarum

146 1918 357 1965 historia
392 1925 509 1965 ante
544 1936 716 1966 omnes
747 1926 1077 1976 versatorum,
1112 1919 1395 1967 amicorum
1432 1917 1655 1965 maxime

145 2010 474 2057 colendorum
510 2028 711 2060 accessu
748 2020 797 2060 et
831 2031 1011 2078 opera,
1057 2029 1189 2061 novo
1232 2011 1445 2060 consilio
1484 2018 1653 2075 capto,

145 2103 303 2150 altera
338 2103 556 2168 denique
593 2105 752 2154 totius
787 2107 1159 2172 Hepaticarum
1195 2104 1422 2153 familiae
1463 2105 1527 2152 ad
1572 2121 1654 2151 na-

146 2202 313 2243 turam
344 2199 534 2256 revisio,
576 2200 856 2249 Leltmanm'
888 2201 981 2248 viri
1022 2197 1433 2265 praeclarissimi,
1470 2199 1650 2247 herba-

147 2288 236 2344 rio,
271 2290 496 2338 omnium
533 2292 632 2340 fere
663 2295 802 2357 quod
840 2295 904 2342 ad
932 2293 1207 2359 Hepaticas
1229 2290 1652 2356 locupletissimo,

145 2381 194 2427 in
235 2399 379 2429 usum
426 2394 625 2442 vocato,
668 2375 1049 2443 institueretur,
1097 2387 1241 2434 cuius
1286 2385 1474 2433 laboris
1509 2386 1649 2449 prin-

146 2474 334 2537 cipales
369 2483 416 2522 et
453 2476 782 2527 difficillimas
817 2488 988 2545 partes
1018 2480 1320 2529 Gottsclceus
1354 2485 1404 2525 et
1433 2479 1652 2526 Linden-

145 2568 343 2633 bergz'us
388 2569 441 2616 in
484 2588 532 2616 se
582 2580 894 2637 receperunt.
972 2573 1049 2620 En
1096 2574 1274 2639 itaque
1318 2575 1447 2621 hanc
1495 2574 1652 2621 veluti

144 2662 350 2709 alteram
375 2665 634 2714 editionem
661 2667 779 2714 libri
798 2667 935 2732 typis
961 2669 1174 2716 antehac
1205 2683 1472 2732 nunquam
1493 2664 1645 2712 editi!

144 2770 252 2802 eam
289 2772 405 2803 vero
442 2757 506 2804 ad
542 2758 745 2806 schedas
780 2776 933 2808 manu
979 2761 1194 2826 scriptas
1232 2761 1480 2825 preloque
1524 2760 1647 2807 iam-
