1824 3252
171 215 242 246 180
792 206 1075 250 Chiloseyphus.

164 326 361 373 phiyastria
385 322 530 357 caulem
554 320 750 355 latitudine
772 319 986 365 aequantia,
1013 319 1298 364 lato-quadrata
1324 320 1381 355 vei
1408 323 1533 361 ovata,
1560 319 1689 364 spinu-

167 386 442 423 lose-dentata
479 380 673 424 (dentibus
710 380 807 414 binis
844 378 977 412 mediis
1010 378 1214 412 maioribus
1248 379 1401 421 erectis,
1440 378 1584 412 laterali
1619 389 1693 411 uno

168 450 332 484 alterove
357 441 541 477 interdum
568 439 882 482 incurviusculo)‚
922 438 1041 472 rarius
1068 438 1206 478 libera,
1243 439 1460 483 plerumque
1494 449 1579 472 cum
1606 438 1694 472 folio

167 507 384 544 subiacente
423 501 539 535 altero
577 498 738 538 coalita,
783 501 825 531 ut
865 497 1131 541 amphigastria
1171 498 1285 532 limbo
1330 503 1489 542 angusto
1527 499 1564 532 in
1606 497 1694 539 folia

168 568 315 602 abeant.
365 563 408 595 In
436 558 627 603 superiore
654 562 759 602 parte
787 557 924 597 caulis,
961 557 1025 590 ubi
1060 557 1149 591 solia
1184 557 1338 591 densius
1370 558 1567 592 imbricata
1594 560 1693 594 sunt,

167 620 436 670 amphigastria
486 618 586 651 haud
630 628 714 652 raro
761 628 846 650 cum
896 620 1054 661 utroque
1103 616 1191 651 folio
1235 620 1395 651 connata
1446 615 1692 660 reperiuntur.

171 681 415 728 Fructificatio
441 678 689 711 desideratur.
715 697 761 701 —
791 676 1053 719 (Lindenberg
1079 676 1101 709 l.
1129 676 1180 719 c.)

261 741 449 776 Foliorum
484 737 600 771 forma
639 735 859 780 praeprimis
896 746 918 770 a
956 734 1020 769 Cle.
1051 734 1259 781 ampliibolio
1295 731 1452 778 aliisque
1496 731 1693 776 speciebus

165 801 334 838 affinibus
360 796 637 840 distinguenda.

373 897 427 927 15.
482 891 853 938 Gleiloseyphns
878 890 1249 937 inteqrvfolias
1280 890 1323 925 L.
1349 894 1386 924 et
1412 890 1478 933 Lg.

261 951 447 988 Cl1.ca1de
480 950 697 996 subsimpliee
723 950 990 996 procumbente,
1013 950 1121 996 foliis
1151 949 1309 984 subhori
1294 949 1488 984 ontalz'bus
1512 950 1691 995 dizetyen-

164 1016 254 1050 libus
286 1012 438 1047 malibus
472 1010 599 1044 obtusis
633 1010 869 1056 inteyerrimis
896 1022 962 1056 per
986 1010 1277 1056 amphiyastrium
1302 1010 1461 1043 connatis
1486 1015 1602 1043 ovato·
1610 1011 1692 1042 lan*

165 1077 334 1109 (volatum
362 1071 517 1118 bifidum,
544 1070 682 1103 laciniis
709 1069 780 1103 basi
807 1070 1098 1109 inciso-dentatis,
1121 1069 1256 1115 fluctu
1283 1095 1290 1103 .
1320 1095 1328 1103 .
1358 1095 1365 1102 .

357 1132 624 1173 Jungennannia
664 1132 753 1171 integ
760 1131 866 1160 iisolia
914 1130 959 1163 L.
997 1136 1027 1162 et
1062 1130 1131 1174 Ly.
1179 1130 1216 1162 in
1251 1128 1374 1162 Lehm.
1414 1127 1506 1172 Puy.
1539 1127 1588 1174 pl.
1623 1128 1692 1161 VI.

436 1189 474 1222 p.
500 1179 559 1210 32.
587 1189 620 1209 η.
650 1179 683 1211 8.
737 1176 901 1211 Gottsche
930 1177 982 1210 Ic.
1011 1177 1104 1223 Hep.
1130 1177 1222 1211 ined-

261 1238 420 1275 Habitat
446 1236 482 1270 in
511 1236 675 1270 Peruvia
703 1236 798 1279 (Hb.
828 1235 998 1280 Kunze);
1038 1236 1074 1270 in
1101 1235 1196 1271 Chili
1230 1235 1268 1269 in
1296 1234 1468 1269 Andibus
1496 1235 1688 1268 Antucen-

162 1302 266 1335 sibus
293 1298 389 1341 (Hb.
418 1296 496 1339 N.).

261 1357 386 1393 caules
411 1354 909 1399 pollicares-bipoilicareS‚
936 1355 1226 1398 procumbentes
1263 1358 1300 1388 et
1333 1353 1476 1388 fibrinis
1504 1352 1692 1387 nonnullis

164 1420 296 1454 subtus
330 1414 525 1454 instructi,
563 1413 753 1457 simplices
781 1414 837 1447 vel
873 1414 909 1447 in
939 1414 1103 1448 ramulos
1138 1425 1251 1458 parce
1287 1414 1415 1452 divisi,
1455 1413 1688 1456 fusco-pur-

161 1480 420 1523 purascentes.
472 1472 577 1506 Folia
605 1472 823 1513 imbricata,
853 1472 1194 1512 subhorizontalia,
1222 1472 1477 1516 divergentia,
1517 1472 1691 1514 obionga,

164 1538 243 1573 basi
270 1533 527 1572 decurrentia,
564 1531 670 1575 apice
705 1532 925 1571 rotundam,
963 1531 1125 1566 indivisa
1160 1536 1197 1566 et
1227 1532 1485 1576 integerrima,
1525 1532 1691 1574 margine

163 1595 318 1631 ventrali
347 1604 430 1627 cum
459 1590 726 1634 amphigastrio
753 1596 927 1624 connata.
980 1590 1249 1636 Amphiyastria
1274 1599 1398 1632 ovata,
1427 1591 1561 1630 bifida3
1596 1591 1688 1624 laci-

163 1657 248 1689 niae
287 1650 767 1689 lanceolam-subustum,
819 1650 1178 1684 inciso-dentatae.
1244 1650 1348 1684 Color
1388 1651 1594 1685 flavescens
1636 1652 1690 1685 vel

161 1717 385 1750 fuscesceus.
440 1710 599 1744 Tema-a
626 1710 763 1749 densa,
799 1709 947 1743 areolae
981 1709 1169 1751 minutae,
1205 1710 1406 1750 rotundae,
1442 1711 1624 1745 distantes
1658 1716 1693 1745 et

160 1772 315 1808 reticulo
341 1780 467 1804 crasso
492 1768 810 1812 circumscriptae.

258 1830 363 1865 Obs.
417 1828 551 1869 Quoad
580 1828 815 1862 characteres
843 1827 1009 1862 maxime
1036 1827 1154 1862 affinis
1171 1826 1400 1874 C'lziloscyplto
1426 1839 1572 1873 expanso
1601 1828 1640 1863 L.
1657 1833 1693 1863 et

164 1891 253 1933 Lg..
280 1889 344 1933 qui
370 1887 660 1930 distinguendus
689 1886 786 1920 foliis
806 1887 1039 1921 brevioribus
1057 1886 1300 1921 subrotundis
1327 1890 1501 1920 texturae
1529 1887 1694 1927 laxioris,

162 1950 285 1983 colore
319 1948 439 1989 magis
472 1946 634 1990 pallido,
681 1945 959 1989 aniphigastriis
1003 1946 1126 1994 minus
1168 1946 1359 1979 evidenter
1391 1946 1583 1988 connatis,
1625 1956 1692 1979 nec

164 2007 296 2047 bifidis,
335 2005 401 2040 sed
428 2005 692 2045 subrotundis,
719 2005 883 2038 dentatis
921 2004 982 2047 (L.
1010 2008 1047 2038 et
1072 2004 1139 2047 Lg.
1168 2004 1190 2038 1.
1218 2005 1282 2047 c.).
1334 2004 1366 2038 A
1395 2003 1458 2037 Ch.
1485 2004 1693 2050 amphibolia

163 2066 286 2100 differt
322 2064 452 2098 maiori
479 2068 637 2104 statura,
678 2063 887 2106 rigiditate,
927 2064 1068 2105 colore,
1107 2062 1204 2098 foliis
1237 2063 1382 2106 longius
1409 2062 1693 2096 decurrentibus

167 2130 203 2159 et
231 2123 503 2168 amphigastriis
532 2122 1005 2166 magisdentato-ciliatis.

454 2223 508 2254 16.
563 2219 931 2265 chiloseyphus
957 2218 1186 2254 coalitus
1212 2216 1261 2250 N.
1289 2216 1337 2249 ab
1363 2216 1406 2250 Ε.

262 2291 327 2326 Ch.
360 2290 456 2324 caule
490 2297 630 2337 repente
656 2303 738 2334 vaye
766 2302 916 2327 ramoso,
939 2288 1047 2333 foliis
1072 2287 1346 2322 horizontalibus
1372 2293 1494 2320 ovato·
1512 2287 1694 2330 quadratis

164 2350 546 2386 truncato-bidentatis
586 2350 745 2384 dentibus
780 2347 970 2390 subaudis,
1010 2347 1274 2393 amphiyastrlis
1314 2347 1350 2379 in
1379 2345 1469 2390 folii
1503 2347 1691 2390 maryinem

167 2410 353 2444 neutralem
380 2410 544 2454 utrinque
570 2409 640 2443 late
665 2407 925 2442 decurrentibus
944 2407 1311 2452 quaclri-seoedentatis,
1333 2405 1532 2451 pei-iambis)
1557 2405 1695 2438 obaz-ato

166 2482 223 2502 ore
246 2469 527 2514 quaclridentato,
559 2470 719 2514 calyptra
743 2468 878 2501 demum
902 2468 1001 2511 lonye
1027 2473 1176 2500 exserta.

358 2530 627 2570 Jungermannia
664 2529 784 2558 coalita
819 2525 936 2560 Hook.
964 2525 1082 2560 sisu-3⁸0.
1117 2531 1204 2559 exot.
1235 2537 1273 2570 p.
1301 2527 1359 2559 23.
1393 2535 1429 2557 η.
1467 2526 1520 2557 17.
1555 2529 1581 2556 t.
1613 2527 1691 2556 1213.

452 2574 584 2620 Taylor
618 2575 654 2608 in
689 2574 803 2607 Lond.
830 2573 960 2607 Journ.
995 2574 1040 2620 of
1067 2573 1193 2619 botany
1237 2576 1339 2607 1844.
1380 2583 1420 2616 p.
1452 2572 1536 2606 384.
1570 2582 1605 2604 n.
1633 2574 1692 2604 34.

450 2623 496 2656 N.
525 2623 566 2655 ab
594 2622 640 2655 E.
679 2621 728 2656 R.
756 2627 787 2654 et
816 2620 878 2654 ΒΖ.
918 2621 1446 2667 Hep.Jav.p.205.n.12.
1500 2617 1547 2651 N.
1575 2617 1617 2651 ab
1644 2618 1691 2652 E.

446 2670 541 2714 Hep.
567 2669 647 2702 Jav.
672 2681 708 2714 p.
735 2671 795 2703 23.
822 2680 857 2702 η.
886 2671 943 2702 23.
995 2669 1080 2713 Spr.
1107 2668 1147 2702 S.
1181 2667 1221 2701 V.
1250 2666 1319 2700 IV.
1353 2668 1380 2699 1.
1405 2678 1442 2710 p.
1469 2667 1552 2699 223.
1579 2677 1613 2698 η.
1632 2669 1690 2699 68.

448 2716 612 2750 Gottselte
647 2717 700 2749 Ic.
739 2716 832 2760 Hep.
868 2716 958 2750 ined.
1023 2716 1219 2759 Montayne
1253 2715 1291 2747 in
1324 2712 1525 2758 d’Orbiyny
1563 2713 1602 2747 it.
1639 2713 1691 2747 ΙΙ.

448 2764 508 2797 Fl.
543 2763 623 2797 Bot.
650 2776 699 2797 cr.
720 2775 758 2808 p.
785 2766 844 2796 26.
868 2763 929 2796 sub
954 2764 1174 2806 Lophocolea
1197 2771 1340 2794 connata
1369 2761 1502 2794 Adnot.

241 2826 275 2866 β,
311 2823 439 2869 affinis,
466 2823 800 2855 foliisb1evioribus
829 2822 900 2853 fere
930 2821 1104 2863 quadiatis
1131 2820 1290 2852 dentibus
1324 2820 1528 2859 minonibus,
1556 2820 1692 2863 amphi-

312 2884 444 2928 gastriis
471 2877 749 2915 transversalibus
777 2879 1057 2923 quadridentatIS.

448 2942 719 2984 Jungermannia
747 2939 853 2972 affinis
879 2938 973 2984 Hep.
1000 2937 1081 2972 Jav.
1103 2950 1142 2983 p.
1167 2941 1251 2972 205.
1279 2950 1314 2973 π.
1346 2941 1399 2972 13.
