1824 3252
166 208 237 239 534
809 202 1059 237 Marc-hanua.

262 318 377 352 Frons
412 315 670 351 semiuncialis
706 318 743 349 et
778 315 898 358 ultra,
937 315 1099 360 simplex
1136 318 1193 351 vel
1231 317 1481 361 bi-triloba,
1520 319 1694 363 oblonga,

166 379 330 412 obovata
355 375 609 411 obcordatave
627 385 647 408 e
670 374 753 409 basi
773 375 990 418 angustiore
1015 374 1187 419 dilatata,
1214 376 1310 412 lobis
1337 377 1546 412 rotundatis
1571 388 1693 411 emar-

166 436 324 480 ghratis,
369 434 561 475 cofiacea,
601 434 735 468 subtus
779 433 902 468 medio
939 433 1152 469 incrassata
1187 439 1225 469 et
1258 435 1447 470 fasciculis
1481 437 1695 471 fibrillarum

165 494 465 538 longissimarum
499 492 658 536 vestita,
694 492 1089 536 sinuato-undulata,
1127 494 1294 538 margine
1329 499 1366 529 et
1392 496 1523 530 subtus
1550 507 1693 540 purpu-

167 564 319 588 rascens
346 557 383 586 et
410 551 545 586 areolis
581 552 752 595 oblongis
792 551 1010 595 reticulata;
1059 553 1260 598 epidermis
1302 554 1430 589 viridis
1468 555 1569 599 poris
1604 556 1698 590 albis

164 618 330 657 pertusa.
392 611 604 652 Pecluneuli,
641 611 721 645 basi
761 610 896 646 foliolis
932 612 1078 647 obtusis
1113 613 1360 654 involucrati‚
1401 624 1514 657 saepe
1547 613 1697 656 gemini,

165 671 281 713 susci,
318 672 405 705 lana
439 670 559 715 crispa
589 670 782 714 adspersi,
828 670 946 705 lineas
979 674 1003 705 2
1031 692 1048 698 -
1077 675 1100 707 6
1125 673 1237 716 longi.
1290 672 1562 719 Receptaculum
1583 673 1697 718 femi-

164 744 267 765 neum
291 731 491 776 (iuvenile)
519 741 701 774 parvum,
741 729 935 771 conicum',
972 731 1140 775 margine
1168 731 1331 766 breviter
1358 732 1546 773 lobatum‚
1582 733 1698 767 radiis

165 794 186 824 8
215 811 229 816 -
261 794 302 824 10
328 790 475 825 obtusis
503 789 781 824 subcrenulatis
810 789 946 824 subtus
973 791 1257 832 canaliculatis,
1286 793 1420 826 subtus
1448 791 1567 826 barba
1592 792 1694 826 rufo-

164 861 354 894 purpurea
380 853 488 894 longe
515 849 752 893 prominente
778 849 967 884 vestitum.

262 908 502 954 Quamquam
537 909 584 943 de
621 919 756 952 genere
793 909 935 959 nullum
972 913 1099 943 exstat
1135 909 1320 952 dubium,
1365 909 1511 953 species
1548 914 1698 954 propter

165 968 486 1004 fructificationem
513 968 698 1003 iuniorem
731 979 804 1003 non
838 972 918 1002 tute
944 967 1215 1012 distinguenda
1242 972 1312 1004 est.
1363 969 1506 1013 Forsan
1531 969 1625 1004 haec
1651 970 1697 1004 ad

166 1027 429 1063 Mna-chantem
455 1029 605 1062 nitidam
632 1028 839 1062 referenda.

476 1111 533 1143 21.
586 1108 936 1145 Marc-nantia
962 1108 1173 1153 inflexa
1199 1108 1253 1143 M.
1279 1111 1317 1142 et
1345 1107 1392 1142 N.

261 1181 318 1215 M.
356 1180 565 1226 reeeptamzlo
589 1180 744 1226 femineo
778 1180 966 1214 emcencrieo
998 1178 1026 1214 9
1044 1199 1058 1204 -
1074 1178 1125 1214 11
1145 1199 1161 1206 -
1181 1179 1321 1213 radiato
1356 1190 1497 1212 conveoeo
1525 1180 1699 1226 papillam

165 1241 275 1274 radiis
315 1241 362 1274 ad
397 1240 547 1274 medium
590 1251 695 1284 usque
733 1239 924 1274 coniunctis
961 1239 1132 1284 contiyuis
1169 1238 1324 1272 convertis
1355 1238 1450 1284 apice
1480 1237 1700 1274 subdilatatis

163 1299 388 1343 ‹anat-{sinatis
413 1299 560 1345 iuflexis,
599 1299 786 1332 involueris
812 1300 970 1344 maryine
995 1298 1183 1339 laciniatis,
1203 1296 1399 1344 pedunculo
1424 1298 1700 1345 receptaculaque

163 1358 281 1392 subtus
300 1358 651 1405 palmiceo-hirsutis,
666 1358 799 1403 fronde
825 1358 1180 1402 lineari-(lieltotoma
1201 1356 1340 1402 ⁸(flauca-

357 1418 566 1450 Marcliautia
596 1420 718 1449 inflexa
755 1417 811 1450 M.
842 1423 874 1451 et
902 1417 949 1451 N.
987 1418 1026 1450 in
1051 1416 1169 1451 Mont,
1198 1415 1298 1466 Cent.
1320 1415 1372 1461 pl.
1399 1416 1474 1450 cell.
1500 1417 1534 1450 in
1563 1417 1697 1453 Annal.

442 1478 501 1511 des
525 1489 573 1511 sc.
599 1482 673 1510 nat.
700 1479 734 1510 2.
763 1475 877 1511 Serie.
905 1476 980 1510 IX.
1010 1475 1149 1519 (1838.)
1169 1486 1207 1520 p.
1235 1477 1293 1509 43.
1319 1487 1354 1508 n.
1381 1478 1440 1510 74.

262 1534 424 1569 Habitat
450 1536 487 1569 in
516 1535 721 1570 Martinica
746 1534 873 1570 insula
898 1534 1078 1578 (Martius
1104 1533 1141 1568 in
1169 1534 1245 1568 Hb.
1272 1533 1327 1569 M.
1355 1537 1393 1568 et
1423 1534 1500 1580 N.).

260 1593 459 1629 Simillima
474 1594 924 1641 BIarc-hantiaepaleaeeae,
942 1594 1008 1629 sed
1036 1594 1159 1628 differt
1185 1593 1316 1628 fronde
1343 1593 1549 1637 angustiori
1567 1593 1697 1628 lineari

166 1652 276 1685 bifida
303 1652 564 1688 dichotomave
592 1654 700 1698 apice
727 1654 961 1697 emarginata
987 1652 1219 1696 marginibus
1246 1652 1358 1687 rectis
1373 1652 1505 1686 leniter
1522 1653 1698 1697 repandis

163 1710 226 1743 xix
255 1710 517 1753 denticulatis,
552 1718 590 1748 et
615 1713 843 1757 receptaculi
871 1712 1019 1746 laciniis
1046 1712 1280 1746 brevioribus
1307 1711 1415 1756 apice
1441 1723 1572 1755 parum
1599 1712 1695 1747 dila-

162 1769 251 1804 tatis
278 1771 387 1806 valde
405 1772 566 1807 inflexis.
618 1773 773 1806 Fraudis
796 1771 1015 1816 superficies
1031 1771 1179 1815 glauca,
1201 1771 1355 1816 pulchre
1369 1771 1550 1811 areolata,
1575 1775 1697 1805 tractu

162 1828 287 1863 medio
312 1829 458 1865 intense
473 1831 582 1866 viridi
603 1832 830 1876 substriato.
874 1830 1099 1866 Pedunculus
1124 1831 1261 1873 brevis,
1288 1831 1370 1865 basi
1395 1830 1561 1876 squamis
1585 1830 1699 1865 latio-

163 1888 281 1930 ribus,
307 1891 481 1934 superius
498 1891 718 1933 linearibus,
743 1891 861 1925 dense
881 1890 1053 1925 vestitus.
1106 1889 1331 1936 Receptaculi
1350 1888 1491 1933 anguli,
1518 1894 1555 1933 et
1580 1889 1694 1924 inter-

162 1947 265 1981 stitia
290 1948 405 1992 (quae
431 1953 468 1984 et
493 1950 575 1993 ipsa
595 1950 775 1983 laciniata
797 1950 900 1992 sunt)
925 1949 1203 1984 involucrorum
1230 1948 1696 1992 paleaceo-hirsutissima.

255 2007 315 2040 Ab
349 2008 463 2042 haece
500 2009 624 2042 differt
657 2008 890 2042 Marc-hanna
915 2007 1087 2041 Swartzii
1113 2008 1156 2041 L.
1184 2011 1222 2041 et
1248 2007 1316 2050 Lg.
1350 2006 1445 2050 (Dil.
1473 2011 1499 2041 t.
1525 2010 1584 2042 75.
1610 2007 1635 2043 f.
1661 2011 1696 2043 3.

162 2075 195 2097 a.
225 2066 275 2110 c.)
301 2067 628 2111 receptaculorum
657 2067 801 2100 ambitu
827 2067 962 2100 obtuse
988 2066 1128 2107 lobato,
1155 2065 1263 2100 cuius
1288 2065 1357 2100 loci
1384 2068 1442 2100 est
1459 2064 1695 2100 Clclamz‘dium

161 2122 312 2157 iudicum
342 2124 481 2162 Corda.
534 2127 637 2162 Sieb.
666 2126 723 2161 Fl.
751 2126 866 2161 Mart.
894 2137 930 2161 n.
957 2128 1041 2160 378.

438 2222 499 2254 22.
549 2218 898 2254 Marc-nantia
922 2218 1202 2264 yeminata
1230 2216 1278 2251 N.
1306 2216 1354 2250 ab
1382 2217 1423 2250 Ε.

258 2286 314 2320 M.
342 2288 553 2335 receptaculo
574 2288 734 2334 femineo
759 2289 944 2322 dimidiato
968 2287 1154 2322 umbonato
1190 2287 1264 2321 basi
1282 2286 1420 2333 prolixe
1445 2287 1587 2323 barbato
1610 2302 1697 2335 qua-

160 2344 291 2388 (Irg'fido
315 2348 426 2382 radiis
452 2347 602 2393 oblonqis
626 2348 724 2393 apice
738 2345 1067 2392 sulcato-subbq'fidis
1092 2346 1299 2381 iuvenilibus
1319 2347 1454 2393 inflexis
1468 2347 1698 2382 adultioribus

156 2402 360 2450 plerumque
389 2406 575 2452 palmatim
610 2406 804 2452 explanatis
839 2413 870 2440 et
904 2406 1173 2451 divetyevztibus,
1212 2405 1398 2440 involueris
1438 2406 1602 2442 tubulosis
1639 2419 1697 2441 ore

158 2463 289 2507 apicali
313 2465 744 2507 erenalato-denticulatis,
767 2464 969 2511 pedunculis
994 2464 1235 2500 terminalibus
1254 2464 1403 2509 yeminis
1413 2463 1548 2511 pilosis,
1561 2465 1697 2511 fronde

161 2521 288 2555 lineari
313 2524 505 2560 dichotoma
529 2537 637 2572 supra
661 2525 908 2560 canaliculata.

353 2585 561 2618 Marclnantia
591 2586 763 2628 geminata
802 2584 863 2625 N.‚
894 2583 1031 2618 Reinw.
1057 2590 1088 2617 et
1115 2582 1178 2617 ΒΖ.
1205 2582 1297 2628 Hep.
1323 2582 1406 2616 Ja‘e.
1433 2575 1584 2618 in'Nov.
1614 2584 1695 2619 Act.

439 2645 553 2678 Aeczcl.
591 2645 634 2678 L.
665 2643 705 2677 C.
734 2644 821 2678 Nat.
860 2643 946 2678 Cur.
981 2643 1077 2677 XII.
1113 2645 1144 2676 l.
1176 2653 1215 2687 p.
1245 2643 1324 2675 194.
1375 2640 1459 2687 Spr.
1486 2642 1580 2688 Syst.
1615 2643 1694 2688 Vey.

440 2704 509 2738 lV.
541 2716 580 2749 p.
618 2705 701 2737 235.
739 2714 775 2736 n.
808 2704 860 2736 lO.
922 2702 1040 2736 Lellm.
1078 2701 1173 2745 Puy.
1202 2698 1256 2745 pl.
1298 2699 1367 2734 IV.
1409 2700 1549 2745 (1832.)
1586 2712 1621 2746 p.
1660 2704 1693 2735 7.

440 2762 603 2797 Gottsehe
626 2762 723 2797 Icon.
751 2761 882 2807 Hepat.
910 2761 1031 2795 inerlit.

353 2822 547 2854 Grimaldia
574 2823 747 2865 geminata
776 2820 824 2854 N.
851 2819 894 2853 ab
920 2819 966 2853 Ε.
996 2819 1089 2864 Hep.
1114 2818 1198 2853 Jav.
1219 2830 1258 2863 p.
1284 2821 1319 2852 6.

195 2921 198 2923 Α
351 2880 562 2912 Max-chamin
591 2879 796 2924 clienopoda
828 2877 967 2912 Thunb.
995 2878 1057 2912 Fl.
1088 2877 1174 2923 Jap.
1197 2888 1234 2922 p.
1260 2879 1343 2911 343.

263 2937 423 2972 Habitat
449 2938 485 2972 in
514 2939 611 2973 Java
639 2938 762 2972 insula
789 2937 1029 2981 (Reinwardt
1056 2942 1094 2972 et
1120 2936 1254 2971 Blume
1281 2935 1318 2969 in
1347 2935 1421 2969 Hb.
1453 2934 1530 2978 N.).
