1824 3252
161 185 232 218 488
867 181 998 216 Pellia.

597 293 780 333 XLIV.
843 292 1058 336 Pellia
1113 294 1259 336 Raddi

162 364 201 398 in
227 364 309 397 Act.
337 363 413 397 Soc.
441 361 528 395 Ital.
557 362 655 396 Mod.
692 361 849 396 XVIII.
886 374 923 407 p.
959 366 1017 397 49.
1051 362 1128 405 (ed.
1156 365 1273 398 Bonn.
1302 366 1428 412 Henry
1453 373 1484 399 et
1512 367 1559 401 Ν.
1578 366 1620 401 ab
1643 367 1688 401 Ε.

154 437 193 470 p.
221 426 280 457 23.
307 430 332 456 t.
360 422 446 466 7.f.
473 424 509 454 5.
563 421 610 454 N.
634 421 676 454 ab
704 421 750 454 Ε.
780 421 871 466 Hep.
901 421 992 455 Eur.
1020 422 1094 456 111.
1122 434 1160 466 p.
1186 427 1269 458 357.
1298 424 1366 458 IV.
1388 438 1426 471 p.
1444 426 1551 460 LXI.
1577 439 1610 460 η.
1630 429 1688 461 28.

161 481 354 517 Endlicher
382 480 469 515 Gen.
498 491 538 524 p.
569 481 672 515 1:389.
707 492 742 513 n.
769 479 893 526 472s5.
958 481 1163 525 Seopolina
1190 482 1356 516 Dumort.
1410 484 1561 519 Blasiae
1586 496 1689 528 spec,

159 542 277 576 Fries.
330 538 591 582 Gymnomitrii
608 549 732 583 specc.
745 539 884 574 Hiiben.
919 540 1237 584 Jungermanniae
1253 553 1375 586 speee.
1393 543 1500 577 Limz.
1524 547 1562 577 et
1582 551 1689 579 auctt.

257 610 496 644 Involucrum
522 610 635 645 breve
670 611 1008 654 subeyathiforme‚
1043 624 1105 647 ore
1144 613 1490 657 lacero-dentato,
1534 625 1554 648 e
1581 614 1691 650 dorso

160 669 304 704 frondis
331 674 417 703 ante
445 668 590 713 apicem
619 681 812 713 emergens
839 681 907 704 nec
943 671 1014 705 nisi
1051 671 1335 707 continuatione
1369 673 1514 707 laterali
1550 673 1691 708 frondis

161 729 209 763 ad
244 729 342 762 latus
376 728 569 763 reiectum.
630 729 887 763 Periautbium
931 731 1086 764 nullum.
1147 731 1296 767 Pistilla
1329 733 1449 776 plura.
1512 733 1693 777 Calyptra

160 787 471 829 membranacea,
510 788 651 829 ovalis,
699 789 892 823 involucro
928 791 985 823 vel
1024 791 1167 835 longior
1208 793 1265 826 vel
1301 791 1461 827 brevior.
1526 793 1692 836 Capsula

161 847 328 891 globosa.
380 846 551 882 Elateres
586 848 801 891 praelongi,
837 850 1068 892 conglobati.
1118 852 1308 885 Antherae
1343 856 1469 886 costae
1503 851 1643 886 frondis
1671 863 1692 885 a

160 909 265 949 tergo
291 906 501 948 immersae,
529 907 692 949 sessiles‚
720 908 913 958 involucro
942 910 1042 943 nullo
1069 914 1202 944 tectae.

259 964 464 1008 vegetatio
492 966 683 1009 frondosa,
717 972 823 1001 costa
857 968 980 1003 media
1015 968 1304 1004 indeterminata
1331 970 1428 1011 lata,
1466 969 1504 1003 in
1538 969 1692 1003 limbum

162 1027 313 1058 tenuem
340 1026 522 1061 continuo
549 1031 778 1062 transeunte.

262 1084 423 1120 Plantae
450 1090 669 1125 terrestres,
704 1087 784 1120 solo
811 1087 984 1128 humido,
1022 1087 1060 1121 in
1097 1087 1207 1131 ripis,
1246 1087 1414 1132 ipsisque
1455 1087 1491 1120 in
1525 1086 1692 1121 fontibus

163 1143 367 1189 rivulisque
394 1146 441 1180 ad
469 1157 566 1180 saxa
591 1146 775 1190 vigentes.

259 1215 415 1259 Species
441 1220 464 1251 4
489 1218 753 1261 cognovimus,
781 1228 940 1262 quarum
966 1221 1041 1251 tres
1070 1218 1292 1262 Europaeae
1319 1222 1425 1261 sunt3
1459 1219 1589 1252 harum
1619 1230 1694 1253 una

163 1274 277 1308 etiam
309 1275 346 1309 in
385 1276 546 1319 Nepalia
585 1281 622 1310 et
648 1277 822 1311 Ameriea
849 1276 1133 1321 septentrionali
1170 1278 1349 1320 inventa;
1387 1282 1584 1322 praeterea
1618 1288 1694 1311 una

162 1331 200 1366 in
226 1332 336 1367 Nova
359 1334 563 1370 Zeelandia
590 1336 736 1371 crescit.

536 1435 567 1467 1.
617 1431 798 1466 Pellia
825 1432 1094 1478 epiphylla
1123 1432 1170 1466 N.
1199 1432 1246 1466 ab
1274 1432 1318 1466 Ε.

260 1499 308 1532 Ρ.
341 1500 553 1543 dielzotoma,
585 1501 723 1536 laciniis
757 1515 798 1536 ex
832 1501 972 1547 oblonyo
996 1502 1213 1537 subcmzeatis
1237 1501 1564 1549 repando-Iobatis,
1607 1503 1693 1536 retis

161 1556 307 1591 maculis
332 1557 515 1604 hexayorzis
538 1561 675 1607 amplis,
700 1561 857 1607 calypti-a
881 1569 1028 1595 exserta.

354 1619 460 1651 Pellia
498 1621 668 1664 epiphylla
709 1621 757 1655 N.
793 1620 835 1654 ab
862 1621 911 1656 E.
947 1621 1039 1667 Hep.
1073 1621 1165 1657 Eur.
1194 1621 1267 1655 ΙΙΙ.
1296 1633 1335 1666 p.
1361 1623 1444 1654 361.
1470 1623 1554 1656 356.
1593 1633 1628 1654 n.
1660 1624 1692 1656 1.

443 1678 513 1713 IV.
533 1692 572 1725 p.
602 1680 709 1714 LXI.

184 1734 233 1769 A.
258 1736 399 1768 Fronde
427 1739 525 1781 plana
553 1749 610 1772 aut
636 1741 849 1784 planiuscula
878 1742 1053 1781 teneriori,
1079 1749 1157 1784 post
1184 1740 1448 1773 exsiccationem
1472 1738 1627 1771 flaccida.

355 1795 403 1828 N.
431 1796 473 1830 ab
500 1797 546 1831 E.
574 1798 596 1832 l.
622 1812 650 1832 e.
679 1799 754 1834 III.
776 1812 814 1845 p.
843 1802 927 1834 361.

235 1866 270 1896 oe,
295 1854 448 1899 fertilis,
477 1858 661 1890 frondibus
689 1868 780 1892 arcte
808 1859 1008 1903 repentibus
1036 1872 1052 1890 a
1079 1860 1150 1890 basi
1176 1860 1244 1890 cito
1264 1857 1521 1902 deperientibus
1544 1857 1694 1900 ideoque

307 1914 473 1948 brevibus
500 1917 770 1961 subsimpliciter
797 1919 942 1950 bifurcis
969 1918 1313 1965 oblongo-cuneatis
1339 1917 1564 1960 subrepandis
1589 1917 1694 1948 lobu-

308 1973 437 2006 latisve.

444 2033 491 2066 N.
517 2032 559 2066 ab
586 2033 635 2067 E.
662 2033 685 2068 I.
711 2046 740 2067 c,
761 2046 800 2080 p.
819 2037 902 2068 362.
963 2034 1124 2068 Gottsclze
1153 2034 1247 2068 Icon.
1277 2034 1371 2079 Hep.
1399 2034 1518 2068 iuedit.
1654 2063 1655 2066 ,

441 2093 711 2134 Jungermannia
739 2093 909 2137 epiphylla
941 2093 1049 2126 Linn.
1077 2093 1174 2138 Spec.
1201 2091 1254 2138 pl.
1283 2092 1335 2126 II.
1364 2104 1404 2138 p.
1435 2096 1540 2128 1602.
1572 2106 1608 2128 n.
1635 2096 1694 2127 24.

490 2151 661 2186 Lindenb.
688 2153 783 2198 Hep.
811 2153 902 2186 Eur.
924 2165 962 2199 p.
989 2156 1048 2188 97.
1075 2165 1110 2186 n.
1141 2155 1220 2187 102.
1272 2152 1388 2186 Mart.
1417 2151 1517 2186 Flor.
1542 2164 1594 2186 er.
1613 2152 1694 2187 ΕΓΖ.

485 2222 525 2256 p.
556 2214 636 2245 186.
662 2223 697 2244 π.
724 2214 784 2245 44.
838 2212 896 2246 Fl.
916 2211 1014 2246 Dan.
1049 2219 1074 2246 t.
1102 2214 1184 2246 359.
1238 2211 1353 2245 Hook.
1378 2211 1477 2245 Brit.
1510 2212 1694 2257 Junyerm.

491 2275 517 2304 t.
543 2272 602 2304 47.
661 2270 774 2304 Hook.
804 2270 904 2305 Brit.
931 2270 1033 2304 Flor.
1069 2271 1118 2306 V.
1149 2275 1178 2304 1.
1210 2283 1247 2317 p.
1278 2273 1360 2305 126.
1399 2282 1434 2304 n.
1460 2274 1519 2307 78.
1573 2272 1694 2316 Mouy.

490 2334 524 2362 et
550 2328 664 2363 Nestl.
693 2328 748 2363 St.
780 2330 1015 2375 Voy.-then.
1045 2331 1074 2364 I.
1102 2343 1138 2365 n.
1164 2334 1225 2366 53.

443 2389 549 2421 Pellia
575 2389 794 2422 Fabroniana
828 2390 951 2425 Raddi
975 2391 1012 2424 in
1038 2390 1149 2424 Mem.
1182 2389 1273 2425 della
1311 2389 1390 2424 Soc.
1418 2390 1504 2424 Ital.
1530 2391 1567 2423 di
1592 2389 1695 2425 Mod.

493 2447 650 2482 XVIII.
670 2461 709 2494 p.
737 2452 796 2482 49.
825 2455 850 2482 t.
878 2452 912 2483 7.
932 2449 966 2494 f'.
993 2452 1027 2484 5.
1079 2448 1135 2483 De
1162 2449 1309 2483 Notarz's
1343 2450 1462 2483 Prim.
1489 2449 1580 2495 Hep.
1619 2448 1695 2482 ital.

484 2520 524 2553 p.
550 2510 610 2542 48.
636 2520 671 2541 n.
699 2510 757 2542 61.

293 2565 364 2607 σιξ
396 2565 532 2611 lyrata,
575 2567 759 2599 frondibus
794 2571 907 2612 parvis
944 2570 1160 2614 simplicibus
1195 2579 1251 2602 aut
1285 2568 1513 2608 dichotomis‚
1561 2568 1693 2600 laciniis

384 2626 544 2668 oblongis
559 2627 717 2658 tenuibus
734 2627 831 2660 basin
859 2640 974 2661 versus
1000 2628 1370 2672 pinnatifido-dentatis
1388 2627 1571 2667 undulatis,
1598 2628 1694 2671 apice

383 2685 507 2717 Iobatis
532 2686 732 2718 latiusculis.

446 2744 495 2777 N.
523 2743 565 2778 ab
593 2744 641 2778 E.
669 2743 692 2778 ἶ.
718 2756 746 2777 c.
768 2756 808 2790 p.
834 2748 919 2779 363.
944 2746 1066 2789 (Herb.
1093 2747 1203 2778 Mont.
1229 2759 1261 2777 u.
1290 2746 1382 2788 133.)

241 2804 276 2843 β,
308 2802 470 2847 ¹speciosa,
498 2804 679 2836 frondibus
694 2805 800 2836 laxius
824 2806 1020 2848 repentibus
1036 2814 1093 2838 aut
1107 2805 1395 2838 adscendentibus
1416 2806 1527 2848 longis
1547 2806 1692 2848 latisque

312 2864 516 2905 regulariter
542 2872 575 2896 et
598 2863 844 2907 subpalmatim
871 2863 1080 2896 dichotomis
1104 2865 1227 2909 planis,
1253 2866 1409 2908 margine
1432 2863 1670 2908 subrepandis.

449 2921 497 2955 N.
522 2920 566 2956 ab
592 2921 639 2956 E.
667 2920 690 2957 l.
717 2934 746 2956 c.
