1824 3252
224 207 291 239 164
849 202 1095 246 Lophoeolea.

221 321 438 364 plerumque
487 316 681 350 bidentata
725 316 807 350 sinu
848 316 1043 359 irregulari
1083 313 1303 360 interiecto,
1345 327 1458 362 saepe
1507 319 1616 354 etiam
1662 320 1754 355 aiter

219 382 311 415 dens
337 376 535 415 ventralis,
571 375 757 409 interdum
785 379 943 419 uterque
971 374 1217 410 desideratur.
1276 377 1543 423 Amphiyastria
1570 378 1755 421 profunde

217 437 368 482 partita,
392 434 593 478 segmentis
619 434 823 468 linearibus
850 434 970 469 acutis
999 434 1267 478 integerrimis.

313 497 422 530 Obs.
476 493 839 538 Amphigastriorum
874 493 1014 534 forma,
1053 494 1176 529 colore
1216 495 1337 531 lurido
1373 501 1409 530 et
1446 496 1544 532 foliis
1582 495 1753 540 oblongis

217 560 312 592 banc
354 566 374 589 a
410 554 622 598 Calypoyeia
662 552 898 588 Trichomane
945 553 1127 594 distinxi,
1174 553 1323 598 scripsit
1363 556 1520 599 Tayior‚
1565 556 1629 590 sed
1667 566 1751 589 curn

216 613 452 659 Lophocolea
494 611 581 646 folia
616 612 782 653 succuba,
826 613 1059 657 Calypogeia
1098 612 1186 648 folia
1221 613 1346 647 incubet
1394 614 1555 656 habeat,
1596 615 1751 649 dubium

216 686 307 709 sane
335 673 468 707 adesse
502 682 574 706 non
607 675 750 716 potest,
790 672 862 707 utri
896 672 1023 716 generi
1057 673 1188 716 planta
1229 673 1513 707 adnumeranda
1546 672 1604 706 sit.
1656 673 1750 707 Cum

214 735 366 778 stirpem
394 732 462 776 ipsi
493 742 563 766 non
595 731 798 767 viderimus
825 732 1049 768 sententiam
1076 733 1239 777 Tay10ri,
1269 733 1332 777 qui
1366 742 1447 766 eam
1476 732 1523 767 ad
1549 731 1746 776 Lopboco-

215 796 292 829 icas
320 792 442 827 refert.
471 791 586 825 secuti
617 802 758 825 sumus.

454 888 512 920 26.
541 889 553 920 ἲ
604 887 941 931 Lophooolea
975 887 1268 933 Vogesicwa
1303 886 1351 922 N.
1381 887 1428 921 ab
1461 887 1500 921 E.

310 960 353 992 L.
381 956 477 992 caule
501 957 746 1003 procumbente
771 959 878 993 diviso
893 958 1054 1005 flexuoso
1080 959 1181 992 dorso
1206 958 1413 998 radiculoso,
1429 957 1535 1003 foliis
1555 957 1750 992 imbricatis

211 1019 364 1055 succubis
403 1016 577 1060 'bifariam
621 1017 897 1052 horizontalibus
937 1019 1029 1052 cauli
1065 1017 1200 1063 oblique
1237 1018 1380 1051 adnatis
1414 1016 1749 1052 ovato-orbiculatis

207 1079 326 1125 planis
357 1077 475 1111 obtuse
508 1077 736 1121 emar-(sinatis
778 1090 896 1112 versus
931 1079 1065 1122 apicem
1106 1077 1392 1111 adscendentibus
1426 1075 1747 1120 luride-viridibus‘,

210 1137 471 1185 ‹nnphiyastriis
506 1143 606 1169 acute
639 1136 755 1182 bifidis
789 1136 862 1171 basi
895 1137 1070 1178 dentatis,
1105 1136 1238 1182 fructu
1280 1137 1317 1170 in
1356 1135 1503 1170 ramulis
1536 1135 1748 1170 radicalibus

206 1195 493 1232 adscendentibus
518 1195 716 1237 terminali,
752 1197 925 1231 involucri
947 1196 1055 1242 sbliis
1080 1196 1269 1230 maioribus
1302 1195 1603 1242 adpresso-erectis
1628 1207 1742 1229 emar-

205 1256 500 1302 yinato-trifidis,
530 1256 743 1301 periantltiis
776 1256 929 1302 oblonyis
966 1256 1179 1301 subtriyonis
1216 1268 1274 1290 ore
1309 1267 1498 1301 compresso
1532 1254 1625 1289 brevi
1657 1255 1742 1289 den.-

209 1323 290 1350 [ηἰυ.
345 1315 573 1358 (Hiibener.)

401 1377 672 1416 Jnngermanuia
702 1376 890 1419 Vogesiaca
919 1375 1064 1409 Hiiben.
1090 1376 1128 1408 in
1156 1374 1224 1408 litt.

401 1434 625 1476 Lopbocolea
660 1434 849 1477 Vogesiaca
886 1435 934 1468 N.
961 1434 1003 1468 ab
1029 1434 1076 1468 E.
1115 1434 1208 1480 Hel).
1246 1433 1336 1468 Eur.
1375 1433 1427 1467 II.
1459 1445 1495 1478 p.
1530 1434 1612 1467 34⁵3.
1648 1443 1682 1466 n.
1710 1435 1743 1466 7.

481 1504 519 1538 p.
541 1494 625 1527 326.
654 1504 688 1526 n.
717 1496 750 1527 7.
780 1492 848 1527 IV.
871 1506 908 1540 p.
940 1493 1020 1528 LV.

304 1554 464 1589 Habitat
499 1552 590 1587 iocis
625 1552 836 1596 subalpinis
869 1553 967 1587 inter
1001 1563 1150 1587 muscos
1186 1552 1356 1587 Galliae:
1396 1551 1434 1585 in
1469 1550 1539 1584 den
1568 1550 1744 1593 Vogesen

208 1614 449 1661 (Hiibencr)‚
477 1615 513 1645 et
540 1612 786 1646 Germaniae:
815 1612 863 1646 im
894 1612 1192 1646 Schwarzwalde
1221 1612 1397 1656 (Braun).

304 1676 359 1708 An
387 1682 617 1716 synonymon
649 1671 860 1717 Har-panchi
888 1670 1114 1705 Flotoviani?

461 1769 520 1801 27.
574 1768 907 1811 Lophocolea
933 1767 1271 1813 hmnophylla
1300 1767 1346 1801 N.
1376 1767 1423 1800 ab
1450 1766 1492 1801 Ε.

304 1842 350 1875 L.
390 1837 489 1873 caule
531 1843 671 1883 repente
705 1838 938 1884 subsimplici‚
970 1838 1080 1883 foliis
1115 1838 1423 1873 semivercicalibus
1457 1835 1742 1872 adscendentibus

204 1897 580 1943 ovato-subquadratis
613 1897 1058 1941 emaryinato-bidentatis
1094 1897 1255 1932 dentibus
1289 1896 1528 1943 inaequalibus
1560 1895 1738 1930 subulato-

204 1960 315 1996 acutis
338 1958 473 1992 minore
491 1967 590 2001 saepe
614 1954 771 1997 obsoleto,
797 1956 1063 2002 amphiyastriis
1089 1956 1205 1990 liberis
1230 1955 1580 2001 emaryinato-bifldis
1604 1954 1741 1989 laciniis

204 2018 411 2055 acuminatis
436 2022 631 2050 extrorsum
657 2015 822 2057 dentatis,
836 2015 971 2061 fructu
999 2042 1008 2051 .
1036 2043 1044 2050 .
1073 2043 1080 2049 .
1657 2046 1660 2050 ,

395 2076 666 2118 Jungermanuia
694 2074 919 2121 homophylla
948 2075 996 2109 N.
1023 2075 1065 2109 ab
1095 2075 1141 2110 E.
1169 2076 1206 2109 in
1233 2075 1352 2114 Mart.
1378 2073 1479 2110 Flor.
1510 2074 1618 2108 Bras.
1647 2073 1675 2106 1.
1708 2076 1737 2107 l.

478 2144 516 2179 p.
544 2135 627 2167 336.
655 2135 738 2167 337.
766 2145 801 2169 n.
835 2138 887 2169 16.
941 2135 1052 2169 Herb.
1082 2135 1277 2180 Moritayne
1304 2147 1339 2169 n.
1365 2137 1425 2169 77.
1489 2133 1655 2168 Gottsclee
1683 2133 1736 2168 Ic.

485 2192 579 2238 Hep.
605 2192 727 2226 incdit.

299 2252 462 2288 Habitat
497 2252 534 2286 in
572 2251 756 2286 Brasiiiae
785 2251 895 2285 Prov.
927 2252 1113 2287 Minarum
1143 2254 1388 2289 Generalium
1421 2258 1458 2288 et
1485 2253 1522 2288 in
1550 2252 1663 2287 Serra
1691 2252 1736 2285 de

204 2314 376 2354 EstreUa,
404 2312 451 2347 ad
478 2316 616 2345 terram
639 2310 705 2355 (de
733 2310 907 2351 Martius,
938 2311 1011 2345 Hb.
1044 2312 1120 2354 N.).

442 2409 499 2441 28.
552 2406 888 2449 Lophocolea
911 2406 1276 2453 netem-ophylla
1305 2407 1353 2441 N.
1383 2407 1431 2441 ab
1459 2409 1502 2444 Ε.

299 2470 343 2502 L.
383 2466 480 2502 caule
513 2465 607 2499 brevi
647 2471 742 2500 arcte
774 2471 912 2512 repente
947 2466 1145 2500 inordinate
1177 2467 1430 2512 confertimque
1463 2480 1594 2503 ramoso
1627 2473 1736 2505 ramis

200 2526 498 2567 adscendentibus,
524 2523 631 2570 foliis
656 2524 1020 2570 ovato-subquadratis
1044 2525 1349 2560 semiverticalibus
1379 2526 1460 2560 sinu
1481 2527 1574 2562 brevi
1598 2529 1733 2562 obtuso·

199 2601 263 2635 que
291 2585 478 2621 bidentatis
501 2586 668 2618 retusisve
701 2595 800 2629 saepe
820 2583 957 2629 pallide
982 2584 1171 2626 viridibus,
1208 2585 1469 2631 ampltiyastriis
1503 2586 1618 2622 liberis
1638 2586 1734 2634 folio

199 2648 293 2682 haud
316 2644 425 2680 multo
449 2642 640 2677 minoribus
663 2643 917 2688 adproximatis
952 2644 1001 2678 ad
1030 2645 1182 2678 medium
1215 2656 1320 2690 usque
1360 2650 1393 2679 et
1418 2644 1514 2679 ultra
1541 2644 1655 2691 bifidis
1681 2644 1732 2679 la-

199 2707 300 2741 ciniis
325 2704 534 2740 acuminatis
558 2702 788 2744 subdentufls,
812 2703 1012 2749 perianthio
1038 2704 1075 2738 in
1102 2704 1209 2737 ramis
1234 2702 1425 2744 terminali,
1452 2703 1624 2739 involucri
1626 2703 1733 2750 foliis

199 2765 373 2813 repandis,
396 2762 661 2809 amphiqastriis
685 2762 835 2796 eiusdem
863 2761 976 2807 bifidis
1001 2763 1163 2797 dentatis.

395 2823 619 2867 Lophocolea
645 2821 880 2866 heterophylla
915 2821 962 2854 N.
990 2821 1031 2854 ab
1059 2821 1105 2854 E.
1134 2821 1228 2867 Hep.
1258 2821 1352 2855 Eur.
1389 2821 1441 2856 ΙΙ.
1466 2833 1500 2867 p.
1526 2825 1609 2857 338.
1635 2834 1670 2855 n.
1695 2825 1730 2857 5.

479 2894 515 2927 p.
544 2883 626 2915 325.
653 2891 689 2915 n.
716 2883 751 2915 5.
787 2879 861 2914 ΠΙ-
891 2892 929 2926 11·
956 2882 1040 2914 570.
1084 2880 1151 2914 IV.
1173 2892 1212 2926 p.
1244 2880 1343 2915 LIV.
1378 2892 1412 2914 n.
1440 2884 1473 2915 5.
1536 2879 1731 2926 Montaqne

473 2943 509 2974 in
543 2939 646 2974 Webb
672 2945 704 2973 et
732 2939 892 2974 Bertkel.
925 2940 1020 2973 Hm,
1046 2940 1105 2974 des
1131 2939 1193 2974 iles
1220 2939 1307 2974 Can.
1334 2939 1417 2975 Bot.
1446 2946 1557 2987 crypt.
1580 2951 1618 2985 p.
1646 2942 1704 2974 50.
