1824 3252
168 210 242 243 498
854 202 1021 236 Aueura.

249 320 288 365 ζ,
313 319 437 359 incisa,
470 316 656 349 frondibus
683 313 950 347 atro-viridibus
977 315 1128 346 carnosis
1155 315 1451 355 inciso-ramosis,
1488 314 1577 347 lobis
1613 316 1696 359 piu·

313 380 398 411 natis
425 378 519 420 apice
545 374 671 406 bilobis
697 373 936 405 subdecurvis.

446 433 588 468 Hooker
632 432 866 479 cryptoyamic
909 430 1034 478 botany
1077 431 1123 477 qs
1155 431 1210 466 tlte
1248 437 1398 466 amaret.
1444 444 1518 479 voy.
1555 443 1593 478 p.
1634 434 1694 465 55.

494 504 530 526 η.
558 494 616 526 80.
643 490 744 534 (var.
770 493 832 537 β.)

447 552 717 594 Jungermannia
755 552 862 582 incisa
901 550 1033 596 Taylor
1057 556 1090 583 et
1116 549 1256 583 Hooker
1272 550 1329 595 jr.
1369 551 1405 583 in
1430 549 1540 583 Lond.
1566 549 1693 583 Journ.

494 609 539 655 of
555 609 693 655 botany.
720 608 791 643 IV.
821 611 924 644 1845.
945 622 984 655 p.
1013 612 1071 643 93.
1096 621 1131 642 π.
1157 612 1217 642 32.

252 693 283 725 n,
310 682 470 723 minima,
499 683 698 725 caespitosa,
723 681 902 713 frondibus
929 683 983 713 vix
1010 681 1029 722 ἦ
1057 681 1115 711 lin.
1140 681 1227 711 latis.

447 740 562 775 Hook.
588 740 611 774 l.
638 752 666 774 e.
693 752 769 773 var.
795 751 833 779 γ.

389 804 429 835 Iu
456 800 686 844 Archipelago
718 797 981 832 Aucklandiano
1010 810 1089 831 cum
1117 810 1185 832 var.
1211 795 1247 839 ζ.
1280 797 1356 841 (Dr.
1382 797 1503 841 Lyall.)

390 862 444 895 An
474 860 595 892 eadem
623 871 661 892 ac
688 871 757 891 var.
784 858 828 891 ε’.)

262 932 425 968 Habitat
450 930 540 965 locis
572 929 735 964 humidis
769 929 807 963 in
842 927 961 973 pratis
997 928 1080 962 udis
1116 928 1162 962 ad
1198 928 1383 962 fossarum
1416 927 1624 970 margines,
1657 926 1694 960 in

169 991 261 1036 ripis
296 991 393 1025 inter
425 1001 575 1025 muscos
610 993 701 1030 etc.;
749 999 828 1023 var.
861 1001 884 1021 cc
920 988 1121 1032 praecipue
1156 987 1192 1021 in
1229 987 1416 1021 montanis
1449 987 1623 1031 Europae
1658 990 1696 1020 et

167 1049 365 1086 Americae
398 1049 574 1084 borealis.
636 1049 679 1082 In
713 1049 812 1082 Java
846 1048 971 1082 insula
1004 1047 1157 1090 (Blume
1190 1046 1226 1080 in
1256 1047 1332 1080 Hb.
1361 1046 1448 1091 N.);
1492 1046 1530 1080 in
1557 1046 1695 1082 Insulis

167 1110 380 1151 Falkland‚
415 1110 454 1143 iu
482 1107 747 1143 Promontorio
776 1106 905 1147 Horu,
938 1106 976 1139 in
1005 1106 1146 1139 Insulis
1172 1105 1371 1139 Auekland
1398 1108 1435 1139 et
1462 1105 1570 1140 Nova
1597 1106 1692 1141 Zee-

166 1169 295 1204 landia
321 1169 494 1213 (Hooker
515 1168 597 1212 jun.
624 1166 663 1200 in
693 1166 769 1200 Hb.
789 1165 969 1208 Taylor.).

532 1267 569 1299 6.
620 1265 842 1299 Auem-a
864 1263 1119 1306 palmata
1146 1261 1194 1296 N.
1222 1260 1269 1295 ab
1298 1261 1339 1294 E.

265 1338 315 1372 A.
347 1337 526 1383 pimzatim
563 1336 695 1376 divisa,
745 1342 865 1368 trunco
898 1335 1074 1380 primario
1120 1334 1406 1380 depresso-plano
1438 1333 1696 1379 Ρνοοιιηιόεηεε,

166 1397 276 1431 ramis
300 1394 579 1431 adscendentibus
604 1393 821 1440 pimzatifido
831 1393 1022 1439 -palmatis
1053 1393 1192 1427 laciniis
1228 1392 1416 1426 linearibus
1440 1391 1570 1426 obtusis
1596 1399 1695 1426 trun-

167 1457 304 1498 maisve,
319 1455 451 1501 fructu
477 1452 628 1494 laterali,
655 1452 829 1487 involucro
846 1452 1075 1498 pateriformi
1100 1452 1222 1493 lacero,
1248 1451 1405 1498 calyptra
1431 1451 1656 1485 tuber-calata.

361 1514 503 1546 Aneura
535 1515 683 1556 palmata
720 1512 768 1545 N.
794 1511 837 1545 ab
863 1511 909 1546 E.
947 1511 1038 1557 Hep.
1073 1511 1169 1545 Eur.
1205 1511 1279 1545 III.
1312 1523 1349 1556 p.
1382 1513 1465 1545 459.
1500 1514 1583 1545 426.
1625 1510 1695 1544 IV.

440 1585 479 1618 p.
508 1572 637 1606 LXII.
664 1584 699 1605 η.
725 1575 760 1605 4.

239 1657 275 1686 x,
313 1644 437 1686 maior,
467 1653 590 1675 trunco
619 1644 803 1675 confertim
830 1653 969 1674 ramoso
997 1643 1172 1685 ramisque
1209 1640 1447 1674 conformibus
1472 1641 1672 1672 latiusculis.

446 1702 495 1736 N.
521 1701 565 1737 ab
591 1702 639 1736 E.
667 1701 689 1735 l.
716 1714 744 1736 c.
774 1701 847 1735 ΙΙΙ.
870 1713 907 1747 p.
934 1704 1017 1736 459.

444 1764 716 1804 Jungermannia
743 1762 913 1794 multifida
940 1761 1056 1795 Hook.
1085 1760 1185 1794 Brit.
1211 1759 1392 1803 Junyemn.
1422 1766 1447 1795 t.
1464 1760 1563 1805 45.f.
1582 1763 1649 1793 4et
1663 1762 1697 1793 7.

493 1820 684 1867 (specimen
710 1821 993 1866 incompletum.)
1044 1819 1198 1865 Blackay
1232 1819 1334 1853 Flor.
1369 1818 1456 1852 Hib.
1492 1818 1544 1851 ΙΙ.
1574 1831 1612 1864 p.
1639 1820 1698 1851 57.

495 1893 530 1914 n.
555 1884 590 1915 7.
617 1881 734 1914 adnot.
788 1880 948 1914 Gottsclze
976 1880 1071 1914 Icon.
1101 1879 1232 1924 Hepac.
1260 1879 1382 1912 inedit.

242 1955 277 1994 β,
313 1952 404 1992 laxa,
430 1954 505 1983 laxe
531 1963 685 1991 ramosa,
722 1952 851 1983 inferne
887 1951 1156 1994 subsimpliciter
1182 1951 1339 1992 pinnata,
1378 1959 1497 1981 trunco
1526 1948 1697 1989 ramisque

311 2012 474 2052 angustis.

448 2067 496 2100 N.
523 2066 567 2100 ab
594 2066 639 2099 E.
668 2066 690 2099 l.
718 2078 746 2100 c.

239 2150 283 2179 γ,
304 2137 524 2184 Ροῖῃόἷαεία,
565 2146 686 2169 trunco
715 2136 911 2168 abbreviato
940 2144 997 2168 aut
1023 2148 1200 2168 ramorum
1229 2137 1421 2179 frequentia
1448 2136 1576 2169 abolito
1605 2147 1696 2169 arcte

311 2205 452 2240 repente
479 2198 701 2235 intricatove‚
733 2197 837 2226 ramis
865 2196 1027 2227 confertis
1056 2197 1177 2227 erectis
1205 2196 1443 2237 palmatifidis,
1475 2196 1606 2226 laciniis
1635 2207 1697 2226 an—

311 2259 417 2297 gustis
443 2256 669 2297 longiusculis
698 2254 907 2297 quandoque
936 2256 1053 2293 acutis,
1079 2255 1191 2287 fructu
1219 2256 1307 2287 iuter
1333 2266 1447 2286 ramos
1474 2254 1516 2286 ad
1544 2255 1697 2297 speciem

310 2315 460 2346 basilari.
485 2332 532 2337 -
559 2313 607 2346 N.
635 2312 678 2345 ab
704 2312 749 2345 Ε.
778 2311 800 2346 l.
826 2324 855 2346 c.

263 2393 333 2427 71,
360 2385 545 2424 arenaria,
579 2385 652 2415 laxe
689 2386 900 2427 caespitem,
943 2384 1075 2416 laciniis
1116 2384 1333 2416 tenuioribus
1370 2384 1600 2425 integerrimis
1642 2392 1698 2414 aut

359 2444 597 2487 subrepandis.
622 2462 670 2467 —
698 2443 746 2477 N.
773 2441 817 2475 ab
844 2442 892 2477 E.
919 2441 942 2476 ἶ.
971 2455 999 2477 e.

446 2504 714 2545 Juugermannia
741 2504 888 2545 palmata
926 2501 1035 2536 Roth.
1062 2501 1124 2536 Fl.
1153 2502 1271 2535 Germ.
1306 2501 1380 2535 III.
1400 2513 1438 2546 p.
1466 2502 1550 2534 415.
1575 2512 1610 2533 n.
1636 2503 1695 2534 48.

495 2561 624 2595 Elem-t.
652 2560 799 2606 Synops.
827 2561 1011 2606 Junyerm.
1035 2574 1072 2607 p.
1099 2564 1157 2596 65.
1185 2573 1220 2594 η.
1247 2562 1306 2594 95.
1332 2567 1357 2594 t.
1388 2559 1495 2605 l3.f.
1522 2562 1599 2593 11·5.

445 2622 716 2662 Jungermaunia
743 2621 912 2652 multifida
940 2620 963 2658 β
989 2622 1136 2664 palmata
1172 2620 1219 2654 N.
1246 2618 1288 2653 ab
1315 2618 1363 2653 E.
1390 2620 1428 2652 in
1452 2618 1568 2653 Mart.
1595 2616 1695 2651 Flor.

496 2679 607 2713 Bras.
634 2678 664 2712 Ι.
684 2690 724 2724 p.
747 2681 830 2713 326.

264 2744 534 2797 y2,*⁴007gferta‚
570 2751 822 2783 confertissime
851 2753 1060 2795 caespitem,
1094 2759 1214 2782 trunco
1240 2750 1406 2793 primario
1433 2747 1530 2781 valde
1557 2755 1696 2791 repente

360 2813 543 2845 latiusculo
571 2812 681 2852 fusco,
706 2811 837 2843 laciniis
865 2812 985 2842 crassis
1005 2810 1160 2852 rigidulis
1187 2809 1260 2841 basi
1279 2809 1459 2841 attenuatis
1472 2806 1697 2847 lacinulisque

359 2871 549 2915 (plerisque
577 2871 673 2914 apice
700 2869 938 2913 gemmiparis)
973 2871 1128 2912 margine
1155 2871 1263 2913 magis
1288 2870 1446 2902 minusve
1472 2864 1661 2899 nodulosis.

449 2929 498 2964 N.
523 2928 566 2964 ab
592 2928 640 2964 E.
668 2927 692 2964 l.
717 2940 746 2963 c.
767 2940 806 2975 p.
833 2930 906 2962 459
930 2933 963 2961 et
988 2930 1072 2963 460.
