1824 3252
155 181 228 213 504
813 174 1034 217 Metzgeria.

253 290 417 325 Habitat
442 286 533 322 locis
559 284 748 335 umbrosis
762 284 1004 328 planitierum
1023 289 1062 320 et
1079 286 1263 322 montium
1279 289 1326 323 ad
1345 290 1519 325 arborum
1546 290 1693 326 radices

155 354 396 395 truncosque,
429 347 478 382 ad
505 357 602 380 saxa
629 355 837 390 rupesque,
865 355 979 389 supra
1006 349 1043 380 et
1068 345 1163 381 inter
1189 357 1338 382 muscos
1364 349 1479 383 totius
1506 350 1693 394 Europae,

155 408 355 443 Americae
391 406 552 441 borealis
590 410 628 439 et
660 405 850 449 tropicae,
890 405 1007 440 Asiae
1040 405 1095 449 (iu
1130 410 1236 450 parte
1268 407 1693 451 boreali—occidentali,

157 465 298 506 China,
339 464 549 508 Ni1agiria,
584 464 726 508 Java),
766 464 917 498 Africae
942 464 997 508 (in
1025 464 1160 508 Capite
1189 466 1319 500 Bonae
1347 467 1455 511 Spei)
1490 472 1527 502 et
1553 469 1695 503 Insulis

156 523 397 558 Mascarenis
431 527 468 557 et
498 522 631 557 Novae
667 523 907 559 Hollandiae.
961 524 1234 568 vulgatissima
1260 526 1369 561 facile
1404 526 1568 561 omnium
1593 528 1691 563 Jun-

157 583 483 626 germanniearum
511 583 769 628 latissimeque
795 594 862 627 per
888 584 1016 618 orbem
1044 589 1225 618 terrarum
1251 585 1432 629 dispersa.

254 641 346 676 Var.
374 643 396 681 β
415 645 431 676 1
452 643 503 663 ⁹²*
532 641 817 688 campylotriclza,
845 654 943 688 quae
973 644 1127 678 forsitan
1142 643 1321 678 distincta
1348 644 1506 688 species,
1533 645 1571 679 in
1590 645 1697 690 sylva

157 701 377 744 Heroynica
405 713 427 735 a
453 702 498 735 cl.
518 701 707 735 Wallroth
734 702 831 736 lecta
859 707 928 737 est.
956 722 1002 728 —
1027 703 1072 736 In
1100 703 1239 737 Insulis
1267 704 1490 748 Campbellii
1517 709 1554 740 et
1580 706 1627 740 ad
1654 706 1694 740 S.

157 759 322 795 Martius
340 761 443 796 Cove
468 761 720 796 Promontorii
749 762 870 805 Horu,
897 763 1017 797 forma
1042 763 1197 806 speciali
1223 774 1297 798 non
1325 764 1504 799 adnotata
1520 763 1696 808 (Hooker

151 819 234 861 jun.
262 824 299 853 et
324 820 490 866 Taylor).

449 907 485 938 2.
545 904 840 950 Metzyeria
868 904 1173 939 dichotoma
1201 903 1249 938 N.
1279 904 1325 937 ab
1354 904 1397 938 E.

255 960 309 994 M.
314 961 450 1006 fronde
463 962 659 998 dichotoma
679 963 903 997 erectiuscula
918 963 1044 997 lineari
1061 965 1220 1009 maryine
1232 970 1389 1009 costaque
1407 962 1526 998 subtus
1541 962 1695 998 seeulosa.

353 1022 400 1055 Ν.
426 1022 468 1056 ab
495 1023 541 1057 E.
570 1024 662 1070 Ilep.
690 1024 783 1057 Eur.
813 1023 885 1057 ΙΙΙ.
904 1035 944 1069 p.
970 1026 1053 1058 508.

351 1083 540 1125 Metzgeria
575 1086 685 1116 ciliata
730 1082 856 1116 Raddi
890 1082 1022 1128 Hepat.
1058 1082 1196 1116 Brasil.
1232 1084 1269 1116 in
1298 1082 1409 1116 BIem.
1444 1082 1543 1116 Mod.
1578 1082 1697 1116 XIX.

432 1143 471 1176 p.
498 1134 557 1164 41.
583 1143 617 1164 71.
645 1134 703 1165 45.

351 1192 621 1234 Jnngermannia
650 1190 851 1222 dichotorna
888 1189 1031 1223 Swart:
1059 1189 1193 1223 Proclr.
1223 1189 1326 1224 Flor.
1354 1190 1435 1223 Iud.
1462 1201 1528 1222 occ.
1549 1201 1587 1234 1>-
1618 1191 1698 1222 145.

439 1249 500 1283 Fl.
528 1250 610 1283 Iud.
637 1261 704 1282 occ.
733 1249 808 1282 111.
828 1261 867 1294 1¹·
896 1252 1000 1282 1876.
1053 1248 1252 1293 Sclncaeyr.
1278 1249 1410 1283 Prodr.
1432 1261 1469 1295 p.
1489 1251 1547 1283 31.
1607 1246 1698 1282 Web.

443 1308 576 1342 Proclr.
598 1320 636 1354 p.
663 1311 722 1342 98.

351 1368 624 1410 Jungermanuia
652 1367 1000 1411 hymenophylloides
1037 1366 1166 1400 Ix'unze
1193 1368 1263 1401 Ms.

257 1424 420 1460 Habitat
441 1426 479 1460 in
501 1426 677 1460 Jamaica
695 1426 792 1460 inter
810 1436 960 1460 muscos
987 1425 1025 1459 in
1048 1427 1205 1460 summis
1225 1426 1416 1461 montibus
1433 1428 1633 1473 (Swartz):
1661 1428 1701 1462 in

160 1482 325 1518 Peruvia
351 1486 597 1530 (l’oeppigin
615 1486 690 1520 Hb.
705 1485 878 1529 Kunze);
903 1485 941 1519 in
963 1486 1127 1520 Brasilia
1156 1487 1202 1519 ad
1231 1486 1497 1520 Mandioccam
1523 1485 1698 1532 (Raddi).

255 1542 442 1583 „Fr-omles
475 1546 681 1587 consertae,
709 1550 877 1587 erectae,
910 1548 923 1579 1
959 1566 974 1571 -
1006 1549 1030 1579 2
1055 1546 1245 1586 unciales,
1274 1545 1614 1589 plano-lineares,
1640 1545 1698 1579 bis

159 1604 262 1635 terve
289 1601 541 1647 dichotomae‚
571 1606 677 1649 apice
705 1605 987 1640 obtusiusculae
1013 1605 1035 1638 l.
1064 1605 1415 1648 subemmginatae,
1441 1604 1609 1647 margine
1635 1604 1695 1638 in-

159 1661 405 1703 tegerrimae,
433 1664 531 1698 laete
558 1665 717 1707 virides,
755 1665 968 1699 substantia
995 1664 1164 1699 tenuiore
1200 1664 1411 1707 diaphana,
1438 1674 1552 1697 nervo
1577 1663 1702 1698 medio

160 1720 384 1756 tenuissimo
398 1724 605 1758 saturatius
625 1725 804 1759 colorato.
840 1725 1146 1770 F1··nct3'ficatio71es
1168 1734 1188 1757 e
1209 1723 1537 1767 paginainseriore
1559 1721 1701 1756 frondis

160 1779 208 1812 ad
249 1780 520 1825 dichotomias,
569 1784 773 1818 solitariae.
835 1784 1026 1818 Involucra
1064 1784 1322 1825 subrotunda,
1372 1783 1515 1827 pilosa,
1559 1780 1700 1815 albida.

162 1838 359 1873 Peduucnli
394 1842 527 1877 breves
567 1844 740 1886 albidae,
789 1844 1047 1878 tenuissimae.
1108 1843 1279 1889 Capsulae
1320 1843 1500 1884 lineares;
1544 1840 1702 1875 valvulis

162 1899 462 1943 angustissimis,
510 1902 617 1945 apice
657 1903 840 1937 fasciculo
882 1904 1028 1936 filorum
1066 1895 1324 1943 seminalium,
1363 1901 1529 1945 penicilli
1568 1900 1700 1943 instar,

160 1958 341 2000 purpurei
376 1960 597 1994 terminatis.
626 1980 674 1986 —
720 1963 760 1994 J.
784 1961 1031 2006 sin-calaeh.
1067 1961 1205 2001 affinis,
1244 1964 1283 1994 at
1325 1961 1536 2004 quadruplo
1570 1959 1701 2000 maior,

161 2019 308 2056 erecta,
340 2027 428 2051 vere
455 2018 710 2055 dichotoma.“
761 2020 925 2063 (Swartz
953 2020 975 2052 l.
1004 2020 1055 2061 c.)
1647 2053 1649 2056 ,

258 2075 433 2111 Adnot.
485 2077 596 2112 Notis
624 2078 827 2113 levioribus
853 2082 1000 2112 tantum
1030 2089 1052 2112 a
1078 2077 1135 2110 M.
1149 2077 1305 2122 furcata
1331 2076 1481 2111 diversa
1511 2080 1548 2110 et
1573 2076 1700 2111 forsan

163 2134 209 2168 ad
237 2134 454 2180 formam-(3.
487 2140 516 2172 1.
543 2139 710 2172 maiorem
735 2137 932 2172 referenda
956 2136 1025 2180 (N.
1053 2137 1101 2170 ab
1130 2136 1203 2180 E.).

497 2222 532 2252 2.
583 2219 884 2264 Metaeqeria
903 2217 1200 2262 pubescens
1229 2216 1369 2251 Raddi.

259 2276 316 2311 M.
342 2278 549 2313 alternatim
575 2280 686 2313 divisa
700 2306 709 2321 ‚
737 2278 900 2321 linearis,
927 2279 1091 2323 utrinque
1114 2277 1325 2323 pubescens,
1360 2276 1521 2321 marqine
1544 2282 1702 2321 costaque

163 2335 282 2371 subtus
305 2338 472 2381 setulosis‚
499 2339 609 2373 ramis
631 2337 844 2384 simplicibus
858 2337 1069 2384 furt-atisve.

357 2399 545 2441 Metzgeria
582 2399 775 2443 pubescens
815 2398 864 2432 N.
890 2397 934 2431 ab
960 2397 1009 2432 Ε.
1045 2397 1141 2443 Hep.
1175 2396 1270 2430 Eur.
1302 2395 1377 2429 111.
1405 2407 1444 2441 p.
1477 2397 1561 2430 504.
1594 2405 1629 2427 n.
1665 2398 1701 2429 2.

447 2457 517 2491 IV.
538 2469 576 2503 p.
606 2456 756 2491 LXIII.
784 2468 819 2491 u.
845 2460 880 2492 2.
933 2457 1051 2491 Mont.
1082 2455 1168 2502 Voy.
1195 2467 1242 2489 au
1269 2454 1361 2489 Pale
1386 2453 1473 2488 Suel.
1501 2453 1532 2488 1.
1552 2465 1591 2498 p.
1617 2455 1701 2487 214.

245 2528 282 2556 α,
306 2516 478 2562 efformata,
504 2518 728 2560 subsimplex,
754 2519 896 2549 ramulis
924 2518 1062 2549 alternis
1091 2516 1267 2549 brevibus.

447 2565 494 2598 Ν.
520 2563 563 2598 ab
589 2564 637 2598 E.
664 2563 687 2597 l.
714 2576 741 2598 c.
770 2565 845 2598 111.
867 2576 906 2611 p.
933 2567 1018 2599 504.

245 2625 280 2665 β,
308 2624 512 2667 communis,
553 2626 686 2657 inferne
713 2626 931 2670 subsimplex
965 2632 1157 2663 attenuata,
1189 2632 1337 2666 superne
1364 2622 1557 2654 alternatim
1584 2620 1703 2663 divisa,

311 2685 416 2716 ramis
444 2686 518 2716 aliis
544 2684 760 2729 simplicibus
787 2686 862 2717 aliis
889 2684 1018 2717 bifidis.
1041 2700 1089 2707 —
1117 2681 1166 2715 N.
1191 2679 1234 2714 ab
1260 2680 1308 2715 Ε.
1335 2678 1357 2714 l.
1384 2693 1413 2714 c.

445 2744 634 2786 Metzgeria
666 2744 861 2788 pubescens
899 2742 1022 2778 Raddi
1055 2741 1392 2787 Junyermannioyr.
1426 2739 1512 2774 Etr.
1546 2739 1583 2774 in
1617 2739 1701 2774 Act.

503 2802 604 2836 Mod.
630 2795 788 2836 XVIII.
808 2815 848 2848 p.
875 2805 936 2837 46.
961 2802 1040 2845 (ed.
1067 2801 1121 2835 H.
1145 2807 1178 2834 et
1204 2801 1254 2834 N.
1276 2813 1315 2847 p.
1340 2800 1426 2846 21.)
1476 2799 1533 2834 De
1557 2799 1704 2834 Notarie

504 2861 624 2896 Prim.
651 2862 744 2909 Hep.
768 2863 846 2898 ital.
867 2875 906 2910 p.
932 2866 991 2898 45.
1017 2875 1052 2896 η.
1078 2864 1138 2896 58.

445 2922 673 2969 Echiuogyna
697 2925 891 2969 pubescens
918 2922 1085 2959 Dumort.
1113 2921 1204 2968 Syll.
1228 2921 1415 2967 Juuyerm.
1437 2934 1475 2969 p.
1491 2923 1548 2957 84.
1566 2934 1601 2957 n.
1621 2923 1702 2958 125.
