1824 3252
168 124 239 155 296
785 118 1081 161 Phragmicoma.

170 232 322 267 densius
357 232 470 266 textis
498 232 697 277 lobuloque
725 230 938 274 angustiore
972 231 1210 275 integerrimo
1243 234 1441 278 praeditis,
1476 236 1693 279 perianthiis

170 292 388 336 praesertim
414 292 554 326 crebris
580 290 838 325 terminalibus
865 291 999 325 obtuse
1025 290 1358 337 quinqueplieatis‚
1390 294 1691 340 periebaetioque

169 351 352 386 dissimili.

266 410 297 444 A
326 410 598 454 ΡΙιναρηιίοοηια
631 408 804 454 iuliformi
837 408 978 443 recedit
1012 410 1241 452 gracilitate,
1280 411 1449 446 foliorum
1483 414 1692 451 latitudine.

171 469 442 512 ainphigastriis
469 468 621 502 minime
649 467 924 510 reniformibus,
951 479 1072 513 neque
1099 470 1252 504 ramulis
1278 471 1328 505 ita
1356 471 1531 506 incurvis.

349 553 382 583 6.
432 550 847 595 Phraymicoma
871 549 1226 585 meibomicma
1253 550 1298 584 G.
1325 555 1362 585 et
1388 551 1507 595 Ldbg.

266 621 356 654 Phr.
390 620 484 654 ciuile
511 627 644 666 repente
667 619 853 654 clichotome
884 632 1017 654 ramoso
1042 621 1150 655 ramis
1170 621 1415 667 fitsciculatis,
1436 623 1543 668 foliis
1575 625 1694 658 imbri-

171 682 254 714 catis
303 679 610 714 semiverticalibus
656 679 788 726 oblique
827 681 1127 715 ovato-rotundis
1171 680 1297 715 obtusis
1333 683 1565 726 integerrimis
1603 685 1697 728 apice.

172 741 390 785 nzcmyineque
414 739 564 773 ventrali
588 740 740 786 ‘repando
766 740 901 785 inflexis
927 739 1062 786 basique
1086 740 1307 786 complicatis,
1333 741 1442 775 lobulo
1466 742 1698 787 subquuslrato

172 798 359 833 nim'usculo
391 806 550 832 truncato
584 799 775 833 introrsum.
808 806 909 833 acuto
942 800 1181 844 irzteqerrimo,
1218 800 1476 846 aniphiyastriis
1507 802 1698 836 imbricatis

172 857 530 901 renfformi-rotitmlis
556 859 809 903 inteyerrimis,
835 859 967 905 fimeta
999 858 1140 894 laterali
1170 859 1342 894 subsessili
1365 860 1417 894 vel
1440 874 1456 894 c
1480 861 1696 899 diclwtomia,

167 918 369 962 perianthio
394 918 608 952 involucrum
635 926 798 964 aequante
822 918 962 964 oblonyo
987 931 1173 965 compresso
1197 926 1312 953 ventre
1337 919 1541 954 hicat-inrito.

268 976 428 1011 Habitat
453 978 489 1011 in
519 989 633 1022 regno
662 978 866 1013 Mexicano
891 979 1070 1021 (Leibold
1095 979 1132 1013 in
1162 979 1238 1013 Hb.
1267 979 1342 1023 G.).

268 1035 358 1070 Phr.
379 1036 599 1083 polycatyiae,
630 1038 861 1084 Pappeanae,
895 1039 1046 1073 tumidae
1078 1038 1236 1083 aliisque
1263 1039 1451 1073 nonnullis
1485 1039 1542 1072 vel
1569 1038 1697 1072 habitu

173 1095 226 1127 vel
252 1104 323 1128 una
352 1096 515 1131 alterave
545 1101 631 1131 nota
659 1097 804 1140 similis,
832 1098 898 1132 sed
925 1099 1142 1132 charactere
1168 1098 1256 1132 dato
1284 1099 1331 1131 ab
1358 1098 1530 1133 omnibus
1549 1099 1699 1133 recedit.

410 1191 444 1221 7.
496 1190 909 1236 Phraqmicoma
932 1191 1236 1234 Pappeana
1263 1190 1310 1224 N.
1338 1190 1386 1233 ab
1414 1191 1456 1225 E.

270 1258 361 1292 Phr.
404 1260 497 1294 caule
533 1268 666 1306 repente
700 1262 897 1295 inordinate
932 1274 1065 1295 ramoso
1101 1263 1342 1308 decomposita,
1385 1263 1495 1296 ramis
1535 1263 1701 1303 (leem-vis,

163 1317 265 1361 soliis
290 1320 592 1353 sentit-erstenlibus
616 1328 710 1355 arcte
736 1321 930 1355 imbricatis
955 1322 1051 1366 apice
1076 1322 1235 1355 decurris
1266 1328 1363 1355 ovato
1394 1323 1552 1356 rotundis
1577 1322 1703 1356 obtusis

172 1378 401 1421 interseri-itm&
435 1381 592 1425 maryine
627 1383 757 1426 postico
797 1381 868 1414 basi
900 1379 1130 1426 complicatis,
1158 1379 1269 1414 [obedo
1295 1380 1417 1426 ι’)ςβαίο
1442 1382 1598 1425 mwyinc
1623 1379 1701 1414 sub—

175 1437 339 1471 nmlnlato
372 1440 594 1484 iriteye1=ri1no
628 1452 704 1473 cum
727 1441 822 1486 folio
854 1440 1060 1486 confluente,
1095 1439 1356 1485 mnplu'yastriis
1388 1439 1579 1473 imbricatis
1609 1452 1698 1484 qua-

173 1497 452 1532 drato-cunculis
481 1499 713 1543 inteqerrimis
737 1501 894 1544 marffl’ne
918 1499 1071 1546 reflectis,
1094 1499 1223 1544 fructu
1260 1500 1295 1532 in
1330 1498 1475 1532 ramulis
1499 1497 1702 1532 lateraIIbus

173 1556 366 1599 aym-efflatis
391 1557 579 1599 terminali,
610 1558 810 1604 periantbio
836 1558 1010 1592 involucro
1035 1559 1195 1592 immerso
1220 1557 1583 1592 oltovato-ventricoso
1608 1559 1701 1604 apici·

175 1614 294 1656 trifido
320 1615 457 1650 lacirziis
482 1617 626 1663 inflexis.
680 1617 842 1651 Gottsclze
869 1617 920 1651 Ic.
950 1618 1027 1664 Lej.
1055 1618 1085 1651 I.
1118 1619 1172 1651 19.

366 1677 640 1720 Omphalantbus
670 1677 867 1720 Pappeanus
896 1677 948 1710 H.
976 1684 1007 1710 et
1032 1677 1079 1710 N.
1106 1678 1144 1710 in
1170 1676 1312 1711 schedis.

272 1734 375 1768 Pone
400 1735 651 1770 Zwellendam
684 1735 833 1770 Africae
860 1736 1036 1770 australis
1072 1736 1162 1779 legit
1190 1736 1321 1780 Pappe
1347 1735 1441 1776 (Hb.
1469 1735 1550 1778 L.);
1591 1746 1704 1779 prope

175 1794 421 1836 Georgetown
450 1795 549 1829 idem
577 1796 669 1838 (Hb.
698 1797 963 1840 Hampeanum
991 1807 1037 1829 ex
1070 1795 1184 1828 Herb.
1212 1794 1453 1839 Kunzeano.)

274 1852 406 1886 Differt
446 1866 466 1888 a
503 1855 774 1900 Pliraymicmna
811 1862 957 1889 arcuata
996 1855 1103 1888 caule
1136 1854 1389 1896 irregulariter
1439 1854 1703 1891 rainosissimo,

175 1911 272 1946 foliis
307 1913 402 1946 cauli
437 1913 587 1957 oblique
622 1914 771 1948 adnatis
805 1915 890 1958 (nec
923 1913 1164 1948 verticalibus
1188 1913 1294 1957 apice
1322 1912 1476 1957 patulis)
1511 1913 1705 1957 minusque

175 1971 460 2005 decurrentibus
489 1972 612 2008 lobulo
640 1974 739 2007 haud
766 1978 939 2007 truncato
967 1978 1099 2014 acuto,
1136 1972 1385 2012 brevioribus,
1426 1972 1545 2015 magis
1573 1977 1702 2006 rotun-

176 2029 275 2063 datis
309 2041 376 2064 nec
409 2031 594 2076 plerisque
629 2033 772 2074 acutis,
812 2032 1091 2077 amphigastriis
1126 2031 1508 2076 quadrato-cuneatis
1535 2030 1705 2074 margine

175 2089 336 2124 reflexis.

274 2150 367 2185 Aliis
401 2151 680 2185 characteribus
714 2151 760 2185 ad
790 2151 883 2185 ΡΙιν.
911 2150 1087 2184 hicolorem
1123 2149 1289 2190 accedit,
1329 2149 1394 2183 sed
1421 2149 1532 2182 etiarn
1562 2149 1609 2182 ab
1637 2150 1703 2183 hac

176 2209 266 2242 satis
291 2209 425 2243 differt.

274 2269 404 2304 Caulis
448 2270 646 2313 primarius
698 2273 798 2304 1-2
830 2270 916 2314 poll.
953 2270 1106 2312 longus,
1149 2278 1303 2312 repens,
1347 2278 1493 2303 sursum
1534 2268 1707 2303 emittens

180 2339 301 2362 ramos
329 2329 385 2363 vel
414 2329 581 2371 geminos
606 2331 665 2364 vel
682 2328 868 2374 profunde
893 2329 1092 2373 bipartitos
1119 2328 1166 2362 ad
1193 2328 1405 2372 oppositum
1433 2329 1529 2364 latus
1556 2328 1707 2363 elastice

177 2387 361 2421 deourvos
401 2388 585 2434 apiceque
629 2392 844 2424 attenuatos
880 2387 1088 2433 fortiusque
1125 2393 1317 2432 repentes,
1360 2390 1422 2432 qui
1461 2387 1553 2421 rami
1596 2387 1705 2422 simili

178 2446 321 2480 ratione
348 2448 506 2491 gignunt
534 2460 599 2493 per
624 2448 822 2483 intervalla
849 2448 1012 2482 ramulos
1039 2447 1211 2482 similiter
1236 2446 1450 2490 geminatim
1483 2446 1622 2490 positos
1649 2448 1707 2481 vel

181 2504 377 2548 bipartitus
411 2518 614 2552 eorumque
647 2507 742 2542 alios
775 2508 917 2543 fertiles
943 2508 1076 2542 breves
1105 2507 1198 2542 alios
1224 2506 1408 2550 longiores
1432 2515 1607 2540 recurvos
1642 2517 1707 2540 ra-

179 2563 375 2608 mulosque
411 2566 573 2611 denique
609 2567 701 2601 alios
737 2572 802 2601 aut
836 2566 975 2601 fertiles
1002 2570 1067 2600 aut
1093 2566 1238 2600 steriles
1263 2568 1517 2610 procreantes.
1568 2565 1707 2600 Omnes

180 2629 303 2658 autem
332 2630 369 2658 et
396 2626 485 2659 rami
515 2631 551 2660 et
579 2627 711 2661 ramuli
739 2638 787 2661 ex
815 2626 952 2670 angulo
978 2626 1054 2660 folii
1078 2625 1236 2660 dorsalis
1270 2624 1456 2668 prodeunt
1488 2635 1708 2670 sursumque

180 2685 427 2719 adscendunt.
491 2686 602 2720 Color
635 2686 752 2720 caulis
787 2686 928 2720 fuscus.
989 2684 1096 2718 Folia
1130 2684 1246 2718 dense
1279 2682 1493 2724 imbricata,
1532 2683 1570 2718 in
1607 2688 1705 2719 statu

178 2744 332 2779 humido
358 2745 470 2778 latius
497 2744 568 2778 sibi
595 2745 869 2785 incumbentia,
905 2744 942 2777 in
969 2743 1070 2779 sicco
1095 2743 1192 2778 cauli
1219 2743 1508 2784 circumvoluta,
1535 2743 1584 2777 ad
1610 2743 1708 2777 latus

179 2802 348 2847 patentia
384 2804 491 2847 apice
525 2804 709 2845 decurva,
748 2802 1056 2846 semu-efficatia,
1096 2807 1229 2845 ovata,
1264 2803 1420 2845 obtusa,
1456 2802 1706 2846 integerrima.

181 2863 347 2907 margine
369 2864 514 2907 postico
543 2862 773 2908 (praesertim
795 2862 842 2897 ad
860 2862 985 2907 basin)
1010 2862 1188 2897 involuto.
1228 2862 1336 2897 Retis
1363 2861 1532 2897 maculae
1554 2870 1705 2904 parvae,
