1824 3252
199 192 272 225 ’704
826 186 1111 233 Chiloscyphus.

347 303 438 339 ΟΜΖ.
472 301 698 348 αεεῖῖξίονηιίε
713 328 722 345 ,
761 302 996 347 combinatus,
1029 302 1334 339 Billardierianus
1359 308 1396 340 et
1406 306 1606 354 fissistipus
1630 306 1739 342 nobis

341 367 562 399 monstrant.

268 424 309 470 3)
346 424 469 457 Plane
495 423 572 457 alia
597 422 845 458 conformatio
877 423 916 457 in
945 422 1009 457 Cla.
1025 422 1239 468 fasciculam
1265 424 1392 466 adest,
1430 430 1468 459 et
1500 427 1609 471 quasi
1640 427 1738 463 alius

341 488 474 527 typus,
525 482 589 528 qui
617 483 809 527 propriam
837 483 913 518 fere
941 483 1144 518 sectionem
1182 483 1279 519 inter
1315 484 1586 529 Chiloscyphos
1628 486 1737 522 sistit.

342 543 554 589 Hucusque
571 555 648 578 una
665 548 814 578 tantum
837 542 984 588 specics
1001 543 1165 578 innotuit
1185 544 1298 578 huius
1315 543 1467 588 indolis,
1495 544 1561 579 sed
1581 556 1737 581 numero

342 607 454 638 aucto
481 615 555 638 non
581 604 752 649 ineptum
779 603 888 638 nobis
917 602 1065 639 videtur
1091 603 1203 638 hasce
1221 603 1365 649 species
1383 604 1562 640 sectionis
1587 605 1738 641 vinculo

340 663 537 708 colligere:

192 744 226 787 §-
253 748 289 781 3.
342 746 637 793 Acrocarpi,
685 747 816 782 habitu
856 747 1080 783 intermedio
1120 748 1217 783 inter
1259 749 1374 793 Jung.
1411 749 1661 794 integrifolias
1699 753 1737 784 ct

762 806 1034 853 Chiloscyphos
1060 820 1181 844 veros.

417 884 477 916 36.
519 880 767 928 Chiloscypbus
781 879 1031 927 fascic-alatus.

417 946 476 977 37.
516 941 768 989 Chyloscypbus
796 940 977 989 Gaymzus.
1030 941 1098 985 Jg.
1126 941 1288 985 Gayana
1315 941 1461 976 Mont.

417 1006 477 1037 38.
521 1001 768 1049 Chilo-scyphus
794 1002 1011 1049 notopbyllus
1035 1001 1142 1045 Tayl.

416 1065 475 1097 39.
519 1061 765 1109 Chiloscypbus
789 1062 1042 1097 canaliculatus
1067 1061 1173 1105 Tayl.

412 1126 472 1157 40.
513 1122 760 1169 Clzz'loscyplaeus
786 1122 1032 1170 cymbalz'ferus
1060 1121 1184 1156 Hook.
1199 1121 1284 1165 jun.
1314 1121 1371 1164 (in
1388 1120 1569 1167 Cryptog.
1594 1124 1686 1168 ant.)

384 1182 625 1228 Quamquam
654 1188 785 1218 auctor
812 1183 904 1218 (licit
930 1183 1126 1227 “calycem
1155 1192 1241 1216 vere
1269 1181 1503 1218 lateralem.“

187 1292 224 1324 p.
256 1282 336 1314 172.
366 1279 428 1314 lin.
460 1282 503 1314 17
531 1291 611 1325 sqq.
662 1279 833 1315 Adiectis
860 1279 955 1321 illis,
992 1278 1056 1324 qui
1090 1278 1128 1312 in
1164 1277 1297 1312 itinere
1326 1277 1534 1313 antarctico
1562 1278 1731 1314 Hookeri

331 1341 470 1384 reperti
490 1346 590 1381 sunt,
618 1344 656 1375 et
682 1340 872 1376 nonnullis
901 1351 920 1373 c
936 1339 1034 1373 Chili
1059 1338 1195 1373 adlatis
1214 1349 1297 1372 cum
1317 1337 1377 1380 iis,
1398 1349 1492 1384 quos
1510 1340 1578 1374 cel.
1594 1340 1732 1384 Taylor

333 1401 476 1445 publici
502 1401 593 1435 iuris
621 1401 710 1435 fecit
736 1412 756 1436 e
784 1401 861 1436 Hb.
877 1400 1015 1441 Hook.,
1044 1409 1222 1433 numerus
1250 1398 1462 1443 specierum
1490 1399 1656 1444 assurgit
1682 1401 1731 1435 ad

330 1465 397 1503 543
434 1473 480 1495 ex
510 1461 567 1495 his
596 1461 735 1495 additis
769 1464 793 1494 2
830 1460 876 1494 ad
904 1461 1031 1495 Prom.
1062 1460 1190 1500 Hom,
1224 1462 1248 1492 5
1272 1463 1398 1492 autem
1426 1459 1463 1492 in
1492 1459 1602 1494 Nova
1629 1460 1726 1496 Zee-

330 1521 478 1563 landia,
506 1524 529 1554 2
554 1521 592 1555 in
621 1521 762 1555 Insulis
783 1520 1004 1561 Auckland,
1038 1523 1049 1553 l
1081 1520 1117 1553 in
1148 1518 1310 1562 Ncpalia
1337 1522 1374 1552 et
1399 1522 1422 1553 4
1448 1518 1485 1552 in
1513 1518 1610 1554 Chili
1636 1532 1724 1565 pro-

330 1582 507 1623 veniunt,
540 1585 563 1616 2
590 1581 627 1615 in
655 1580 830 1615 Arnerica
856 1580 1134 1625 temperatiori,
1170 1583 1194 1613 2
1220 1578 1257 1613 in
1283 1579 1456 1623 partibus
1483 1580 1726 1616 calidioribus

330 1646 516 1678 crescunt.

186 1740 220 1772 p.
253 1730 334 1763 174.
481 1730 515 1761 4.
558 1725 930 1772 Cleilsocyphus
956 1724 1437 1760 Billarclz‘eriamcs.

185 1798 294 1833 Adde
322 1799 487 1842 Synon.:
519 1798 660 1832 Hooleer
678 1797 844 1845 Cryptoy.
871 1804 1023 1832 antra-ct.
1048 1809 1085 1843 p.
1113 1800 1172 1832 44.
1199 1809 1235 1831 n.
1262 1800 1322 1832 39.
1375 1795 1498 1830 Raoul
1514 1795 1615 1830 Flor.
1636 1796 1725 1830 Noe.

331 1858 544 1893 Zeelancliac
565 1871 602 1904 p.
630 1860 689 1892 36.

282 1930 427 1964 Crescit
453 1934 489 1964 et
515 1930 552 1965 in
582 1929 720 1964 Insulis
750 1930 974 1974 Cainpbellii
1001 1934 1038 1963 et
1065 1929 1279 1963 Auckland.

184 2016 332 2057 p.175.
551 2015 587 2047 5.
642 1996 1345 2058 Chilo-scyphus'fissistv‘ptts-

192 2072 294 2107 ,adde
323 2072 487 2116 Synon.:
516 2071 659 2105 IIoober
686 2071 850 2118 Cryptoy.
878 2079 1029 2107 (tutaret.
1053 2085 1090 2118 p.
1118 2076 1180 2107 45.
1206 2085 1241 2107 η.
1270 2075 1328 2107 43.

183 2182 218 2214 p.
250 2172 331 2204 175.
430 2172 454 2203 5
472 2168 508 2202 b.
539 2167 910 2214 Chaos-cyphus
937 2170 1204 2213 aequatus
1230 2167 1451 2213 Hook.jun.
1470 2171 1508 2202 et
1520 2168 1626 2212 Tayl.

282 2241 345 2277 Cli.
380 2239 478 2274 caule
517 2239 663 2286 implexo
694 2238 937 2286 procumbente
970 2238 1169 2274 subramoso
1190 2241 1364 2287 flexuoso,
1392 2240 1500 2285 soliis
1532 2241 1724 2278 imbricatis

182 2303 305 2337 erectis
351 2302 516 2348 oppositis
564 2300 762 2334 rotundatis
803 2301 959 2345 maryine
998 2301 1153 2334 incurvis
1200 2300 1437 2346 inteqerrimss
1481 2302 1556 2337 basi
1594 2303 1725 2338 clm-sali

182 2369 331 2408 anqusta
366 2362 499 2396 lamina
529 2361 740 2403 coniunctis,
773 2359 1036 2407 ampleiyastriis
1071 2361 1183 2395 oratis
1215 2360 1330 2406 bifidis
1362 2372 1441 2395 eum
1471 2367 1616 2407 utroque
1628 2362 1724 2408 folio

180 2421 330 2457 subiecto
353 2422 522 2464 connatis,
539 2421 672 2467 fructu
699 2446 707 2454 .
737 2447 745 2455 .
774 2446 782 2455 .

376 2483 648 2525 Jungermannia
687 2490 828 2524 aequata
868 2480 972 2527 Tayl.
1001 2480 1096 2527 Hep.
1133 2486 1287 2515 cantaret.
1321 2482 1359 2514 in
1386 2480 1497 2523 Loml.
1523 2479 1652 2515 Journ.
1685 2482 1731 2528 of

463 2540 531 2575 bot.
560 2543 664 2575 1844.
684 2552 725 2586 p.
751 2542 834 2574 465.
861 2553 897 2574 η.
924 2543 983 2575 25.

280 2600 443 2635 Habitat
469 2600 506 2634 in
535 2601 668 2634 Insula
696 2599 868 2634 Hermite
896 2599 943 2634 ad
963 2599 1269 2634 Promontorium
1289 2600 1396 2635 Horn
1423 2600 1720 2646 (Hookerjun.).

282 2659 481 2704 Caespites
508 2661 628 2704 parvi,
656 2660 797 2694 muscis
823 2659 997 2703 immixti,
1025 2660 1256 2696 rufo-susci.
1308 2659 1435 2695 caules
1461 2661 1609 2696 circiter
1633 2661 1718 2706 pol-

183 2718 342 2762 lic-ares,
369 2719 626 2764 irregulariter
653 2724 693 2755 at
719 2731 832 2765 parce
859 2719 1011 2761 ramosi,
1038 2720 1197 2756 recurvi.
1245 2719 1355 2754 Folia
1380 2724 1481 2755 arcte
1507 2720 1719 2764 imbricata,

182 2779 612 2823 oblongo—rotundam,
650 2780 689 2814 in
724 2785 825 2815 statu
857 2779 1012 2814 humido
1038 2784 1191 2825 propter
1216 2780 1404 2824 margines
1430 2784 1520 2815 tunc
1543 2781 1720 2817 incurvos

181 2839 354 2874 nonnihil
382 2850 555 2876 convexa
582 2843 619 2874 et
646 2840 811 2882 tumida,
839 2843 974 2874 exacte
1000 2840 1196 2884 opposita,
1234 2840 1271 2874 in
1298 2840 1408 2875 dorso
1435 2841 1483 2875 ad
1511 2841 1618 2876 basin
1644 2851 1715 2876 an-

181 2902 295 2943 gusto
322 2899 471 2934 tramite
497 2899 721 2942 coniuncta,
763 2900 803 2934 in
839 2900 956 2934 latere
991 2899 1151 2934 ventrali
1181 2903 1305 2934 autem
1332 2899 1535 2935 coniuncta
1568 2900 1716 2945 amphi-

180 2958 389 3004 phigastrio
415 2964 528 2996 ovato
555 2961 689 3005 bifido,
716 2959 920 3006 segmentis
946 2958 1095 2994 duobus
1122 2959 1501 2996 subulato-setaceis
1528 2959 1719 2997 brevibus.
