1824 3252
202 198 277 231 506
854 190 1077 235 Metzgeria.

300 307 462 343 Habitat
486 307 523 340 in
552 306 682 339 Insula
705 304 876 338 Hermite
904 304 1034 339 Island
1059 303 1162 338 dicta
1195 308 1233 338 et
1257 304 1297 339 in
1327 304 1589 340 Promontorio
1614 305 1735 340 Horn.

298 368 458 401 Frondes
492 367 579 399 laxe
614 363 874 408 caespitosae,
917 364 1092 408 apicibus
1126 363 1212 398 latis
1248 364 1456 405 uncinatis3
1493 364 1594 399 frons
1627 364 1734 409 prin-

205 427 336 472 cipalis
368 434 607 468 compressa,
653 424 779 466 fusca,
817 424 1052 467 pubescens;
1091 422 1273 467 pinnulae
1306 424 1490 458 laeviores
1525 427 1563 457 et
1597 423 1737 467 pallide

203 486 407 520 olivaceae.
445 483 634 529 Calyptrcw
662 483 805 522 fuscae.
833 483 1003 522 scabrae,
1031 482 1113 516 basi
1134 482 1270 517 foliolis
1291 482 1394 516 vario
1413 483 1522 517 modo
1549 483 1737 517 laciniatis

203 545 386 589 stipatae,
422 553 553 577 versus
588 542 733 587 apicem
770 543 922 586 plantae
960 542 1008 575 ad
1043 541 1153 575 basin
1190 542 1266 577 lobi
1303 542 1508 585 superioris
1543 541 1583 574 in
1621 541 1737 576 laterc

203 602 371 637 interiori
406 607 663 645 emergentes,
700 602 891 636 interdum
933 600 1056 635 binae.
1111 601 1305 645 Per-iymzia
1338 600 1375 634 in
1413 599 1524 634 simili
1561 599 1634 633 situ
1671 600 1737 634 sed

202 663 239 696 in
277 663 407 707 planta
444 662 618 703 diversa,
665 662 838 701 clavata,
891 661 1059 705 pinnulis
1100 660 1267 694 incurvis
1311 661 1506 694 antheram
1551 659 1738 704 singulam

203 721 437 765 sphaericam
466 732 640 764 magnam
671 720 929 765 pedicelloque
957 720 1146 754 suffultam
1174 720 1467 754 continentibus.

300 780 481 815 Proxima
516 781 665 814 accedit
699 780 745 813 ad
781 780 838 814 M.
874 779 1108 820 eriocaulam,
1145 791 1242 824 quae
1277 784 1401 813 tamen
1435 780 1558 813 colore
1585 782 1734 813 satura-

201 839 316 879 tiore,
357 840 487 874 fronde
521 840 728 884 tripinnata
764 839 928 883 pinnulis
957 839 1239 882 angustioribus
1266 839 1461 884 magisque
1495 839 1670 882 elongata
1702 842 1739 874 et

201 899 388 942 pluriloba
413 899 548 934 differt.

487 1015 489 1017 ,
521 983 555 1013 6.
606 980 909 1025 Metzqeria
921 978 1178 1025 succides
1205 979 1259 1013 Μ.
1287 984 1323 1012 et
1353 978 1400 1013 N.

298 1041 353 1074 M.
382 1042 563 1087 pinnatim
599 1040 733 1078 fliz-isa,
779 1040 919 1073 caudice
953 1051 1140 1086 compresso
1179 1038 1303 1083 ylabro
1341 1039 1581 1077 adscendente,
1619 1038 1739 1083 pinnis

201 1098 346 1133 alternis
390 1098 654 1145 suboppositisve
700 1099 921 1144 palmatifido
937 1099 1183 1144 -pirznaeffidis
1237 1097 1530 1143 bipinnatg'fidisve
1580 1096 1740 1132 Iacinulis

202 1157 391 1194 linearibus
417 1159 545 1192 obtusis
569 1158 705 1203 ylabris
729 1158 881 1199 costatis,
917 1158 1075 1204 calyptra
1100 1156 1309 1190 subaxillari
1333 1157 1551 1202 cylindros-ea
1572 1156 1707 1200 ylabra.

394 1219 579 1261 Metzgeria
616 1219 775 1250 sucoides
809 1218 925 1251 silom.
962 1224 993 1251 et
1022 1217 1069 1250 Ν.
1096 1215 1140 1250 ab
1166 1216 1212 1249 E.
1248 1216 1285 1249 in
1316 1215 1513 1261 d'Orbiyny
1545 1229 1619 1262 roy.
1653 1216 1739 1250 dans

478 1276 627 1310 l'Ame'r.
644 1277 766 1309 merid.
780 1276 865 1310 Boc.
882 1289 920 1322 p.
935 1279 993 1309 60.
1022 1276 1137 1309 silone.
1154 1275 1192 1308 in
1210 1275 1291 1320 Voy.
1310 1286 1355 1308 au
1370 1275 1458 1309 Pele
1467 1274 1553 1308 Sud.
1566 1275 1595 1308 I.
1608 1277 1738 1320 p.214.

392 1337 663 1379 Jungermannia
692 1335 850 1367 sucoides
879 1336 1035 1369 Swartz.
1064 1335 1196 1368 Prodr.
1225 1334 1285 1368 Fl.
1314 1334 1395 1368 Iml.
1421 1347 1486 1368 oce.
1508 1347 1544 1379 p.
1572 1338 1629 1368 45.
1677 1334 1738 1371 Fl.

482 1394 563 1428 Ind.
582 1406 647 1427 occ.
667 1394 788 1438 HLp.
808 1396 911 1428 1872.
963 1394 1159 1437 Scliwaeyr.
1179 1394 1312 1427 Prodr.
1328 1406 1364 1438 p.
1379 1397 1437 1427 30.
1497 1392 1587 1427 Web.
1606 1394 1737 1429 Prodr.

472 1467 509 1499 p.
537 1456 596 1487 96.
634 1466 668 1487 n.
700 1456 778 1486 100.
830 1453 944 1487 Hoolz.
972 1453 1086 1487 Illusc.
1120 1460 1208 1486 eaeot.
1243 1460 1267 1486 t.
1302 1456 1360 1487 85.
1411 1453 1494 1498 Spr.
1522 1454 1616 1499 Syst.
1659 1455 1737 1499 Vey.

480 1513 549 1546 IV.
581 1516 609 1549 l.
631 1524 669 1558 p.
696 1516 778 1547 233.
806 1525 838 1545 n.
871 1515 949 1547 198.
1003 1513 1050 1545 Ν.
1079 1511 1122 1545 ab
1150 1512 1196 1546 E.
1224 1512 1318 1557 Hep.
1346 1512 1427 1545 Jav.
1453 1524 1488 1557 p.
1521 1516 1572 1546 12.
1599 1525 1633 1546 n.
1661 1516 1694 1547 7.

298 1572 461 1606 Habitat
498 1572 534 1605 in
561 1571 735 1606 Jamaica
770 1576 807 1606 et
844 1572 881 1606 in
917 1572 1016 1605 ‚lava
1053 1571 1186 1605 insulis
1221 1571 1317 1604 inter
1354 1581 1501 1605 muscos
1533 1571 1628 1614 (Hb.
1659 1572 1735 1606 Hk.

200 1637 237 1666 et
265 1632 352 1675 N.);
378 1633 416 1666 in
445 1632 577 1665 Insula
604 1632 659 1665 St.
689 1630 948 1676 Cliristophori
976 1631 1149 1673 (Breutel
1177 1631 1214 1664 in
1245 1630 1321 1664 Hb.
1351 1630 1434 1674 G.);
1470 1630 1569 1664 circa
1594 1631 1736 1665 Moleto

199 1690 236 1723 in
265 1690 414 1733 regione
435 1690 654 1725 Yuracures
682 1691 796 1732 dicta,
825 1702 909 1725 cum
942 1691 1134 1737 Lepidozia
1162 1690 1313 1723 trichode
1339 1689 1569 1734 (d'Orbigny
1597 1689 1633 1723 in
1658 1690 1735 1724 Hb.

200 1749 302 1784 Mus.
333 1750 421 1784 Par.
450 1761 485 1784 n.
512 1753 618 1789 315.‚
647 1750 700 1784 Μ.
729 1756 765 1783 et
795 1750 860 1794 N.)
887 1755 924 1784 et
950 1751 986 1784 in
1015 1751 1108 1784 freto
1136 1748 1390 1792 Magellanico
1414 1748 1583 1791 (Mout.).

297 1809 432 1843 Differt
467 1820 489 1843 a
516 1810 716 1854 Metzyeria
749 1810 924 1844 eriocaula
958 1809 1116 1842 caudice
1152 1808 1331 1852 primario
1370 1809 1503 1851 glabro
1536 1808 1635 1841 haud
1672 1819 1735 1842 re-

197 1871 310 1910 pente
337 1872 374 1901 et
400 1868 526 1911 pinnis
554 1869 764 1902 minoribus
796 1869 877 1903 basi
913 1869 1104 1905 cuneatis.
1141 1867 1381 1902 inferioribus
1418 1867 1550 1901 trifidis
1587 1867 1734 1900 laciniis

198 1924 431 1968 pinnatifidis
459 1927 720 1960 infimarumve
755 1938 828 1960 una
858 1928 914 1961 vel
944 1929 1061 1961 altera
1093 1927 1238 1968 bifidis,
1273 1927 1530 1970 superioribus
1563 1926 1730 1970 pinnati-

198 1983 293 2017 fidis.
345 1985 525 2028 Calyptra
544 1986 790 2028 probabiliter
814 1996 888 2019 non
910 1986 1032 2019 minus
1056 1985 1206 2029 pistillis
1233 1986 1525 2019 adhaerentibus
1551 1985 1731 2018 instructa

198 2046 256 2075 est
281 2053 325 2077 ac
352 2042 388 2076 in
417 2044 679 2086 praecedente.

500 2126 535 2157 7.
586 2124 886 2169 Metzyeria
912 2122 1259 2169 Pappiyiana
1285 2124 1404 2167 Ldbg.

297 2182 353 2215 M.
381 2182 562 2228 pinnatim
597 2184 730 2224 divisa,
769 2184 908 2216 caudice
942 2182 1186 2228 procumbente
1220 2196 1405 2229 compresso
1434 2183 1576 2227 ylabro,
1610 2185 1733 2230 pinnis

196 2239 372 2275 subovczte's
394 2240 715 2287 subbipinnatffidis
740 2241 902 2275 lacinulis
927 2240 1117 2275 linearibus
1141 2241 1269 2275 obtusis
1290 2241 1425 2287 ylabris
1450 2249 1541 2276 costa
1562 2242 1733 2278 latissima

195 2299 485 2342 subindistincta,
536 2300 696 2347 calyptra
741 2314 781 2334 em
825 2300 943 2334 axillis
976 2302 1171 2346 pinnarum
1208 2313 1284 2335 cum
1322 2302 1463 2336 caudice
1501 2304 1731 2345 adscendente,

195 2358 406 2405 cylindrica,
436 2360 573 2405 (Λαῦνα.

389 2420 661 2462 Jungermannia
700 2419 907 2462 Poppigiana
957 2418 1002 2452 L.
1028 2425 1060 2451 et
1087 2419 1153 2464 Ly.
1191 2421 1228 2453 in
1274 2419 1393 2454 Lehm.
1434 2421 1530 2465 Puy,
1562 2421 1615 2467 pl.
1660 2422 1729 2456 VI.

476 2478 614 2522 (1834.)
643 2489 679 2522 p.
706 2480 765 2511 23.
792 2490 825 2510 η.
856 2480 884 2510 1.

294 2534 458 2569 Habitat
484 2536 521 2569 in
551 2536 716 2570 Peruvia
742 2536 946 2580 (Pappig);
975 2537 1011 2570 in
1042 2538 1170 2571 Insula
1198 2538 1252 2571 St.
1274 2537 1465 2571 Vincentii
1492 2538 1665 2580 (Hooker
1692 2538 1729 2573 in

196 2593 273 2626 Hb.
301 2594 382 2637 L.);
417 2595 455 2628 in
482 2594 637 2628 Mexico
663 2606 780 2638 prope
809 2595 978 2630 Mirador
1003 2596 1235 2640 (Liebman).

292 2653 490 2688 Simillima
516 2655 735 2700 illem-aeriae
748 2655 906 2698 flavadi,
933 2666 1030 2700 quae
1057 2656 1181 2689 differt
1206 2655 1338 2689 fronde
1364 2659 1489 2689 erecta
1515 2655 1579 2701 (3)
1605 2655 1728 2691 minus

195 2711 339 2754 divisa,
376 2712 617 2756 pinnularum
651 2724 766 2748 nervo
798 2715 915 2749 multo
941 2715 1158 2758 angustiore
1184 2714 1303 2757 magis
1329 2713 1526 2754 distincto,
1559 2713 1728 2758 margine

195 2771 380 2805 teneriore
407 2772 495 2805 laxe
528 2773 738 2807 reticulato.
788 2774 992 2819 IVIetzyer-ia
1024 2773 1201 2808 eriocaula
1234 2773 1427 2818 discrepat
1462 2771 1618 2806 caudice
1651 2782 1724 2817 pu-

195 2829 385 2873 bescente,
411 2831 577 2874 pinnulis
604 2831 898 2876 angustioribus,
925 2843 1042 2868 nervo
1068 2833 1264 2868 crassiore.

822 2960 1098 2979 ——--——-
