1824 3252
829 230 895 258 XV

575 711 1144 803 Epilogus,

239 946 448 1014 Restat
497 972 552 1010 ut
591 982 757 1028 pauca
803 966 866 1013 de
910 965 1078 1030 operis
1122 963 1347 1012 editione
1391 966 1441 1013 in
1489 987 1622 1019 com-

97 1055 269 1116 plures
320 1069 480 1100 annos
532 1061 795 1118 protracta
844 1055 1165 1103 adiiciamus,
1256 1055 1430 1106 Quum
1487 1075 1620 1106 anno

98 1150 226 1193 1843
264 1153 442 1191 textus
477 1143 550 1192 ita
586 1144 689 1191 fere
724 1151 1061 1208 praeparatus
1095 1153 1243 1201 esset,
1285 1153 1341 1190 ut
1377 1145 1440 1192 de
1476 1150 1619 1210 prelo

95 1233 145 1280 in
183 1234 411 1298 singulos
447 1233 650 1282 libellos
685 1250 921 1281 emanare
958 1242 1153 1297 posset,
1193 1235 1379 1292 evenit,
1420 1246 1478 1282 ut
1516 1238 1618 1285 Viri

94 1323 409 1370 celeberrimi
430 1323 624 1387 Taylor
649 1333 698 1370 et
718 1325 764 1371 .J.
789 1325 850 1371 D.
872 1322 1094 1381 Hooker‚
1135 1324 1617 1388 splendidissimam,

95 1430 250 1476 quam
305 1414 434 1460 alter
486 1412 537 1460 in
584 1412 927 1477 Expeditione
973 1414 1257 1462 antarctica
1311 1419 1617 1475 contulerat,

92 1502 448 1550 collectionem
500 1503 870 1567 Hepaticarum
932 1503 1128 1568 publici
1192 1505 1317 1552 iuris
1374 1506 1615 1555 facerent.

94 1592 370 1639 Hausimus
404 1593 567 1657 igitur
609 1611 635 1639 e
673 1594 859 1640 Diariis
898 1594 1332 1652 Londinensibus,
1381 1615 1514 1661 quae
1550 1599 1615 1647 ad

94 1698 272 1728 manus
314 1692 574 1739 venerant,
627 1691 824 1747 quanta
869 1682 1139 1746 potuimus
1182 1693 1232 1730 et
1272 1685 1476 1749 singula
1521 1690 1617 1737 sin-

93 1772 227 1834 gulis
272 1771 542 1834 generibus
586 1771 890 1829 adiecimus,
950 1773 1033 1819 sed
1084 1789 1247 1836 quum
1295 1774 1448 1822 etiam
1495 1778 1615 1826 haec

92 1862 376 1924 Anglorum
414 1861 731 1908 enumeratio
758 1878 849 1925 per
880 1861 1069 1908 multos
1098 1862 1258 1910 libros
1294 1865 1511 1924 (scilicet
1550 1869 1616 1915 ab

89 1968 225 1998 anno
266 1956 396 1999 1844
432 1950 494 1998 ad
536 1956 687 2014 1846)
734 1950 1146 2007 continuaretur,
1193 1954 1613 2016 supplementum

90 2045 164 2103 (p.
202 2045 504 2103 614—796)
548 2041 868 2096 addidimuS,
923 2041 1115 2104 species
1167 2044 1517 2107 complectens
1565 2057 1615 2094 et

90 2149 377 2196 synonyma
430 2131 827 2195 praestantiora,
897 2147 1030 2195 quae
1083 2132 1208 2178 dum
1262 2133 1393 2181 liber
1447 2145 1617 2183 noster

91 2222 486 2286 imprimebatur
517 2222 582 2268 ab
607 2221 720 2268 aliis
757 2221 1016 2285 descripta
1057 2221 1411 2272 innotuerunt.
1483 2225 1618 2272 Con-

91 2312 212 2376 tigit
282 2311 428 2359 nobis
495 2329 707 2375 quoque
771 2311 1171 2376 copiosissimam
1239 2313 1613 2370 collectionem,

91 2419 247 2466 qua-m
285 2400 565 2448 indefessus
602 2401 872 2448 Botanices
909 2401 1166 2449 Professor
1195 2401 1486 2450 Hafniensis
1520 2405 1612 2452 cel.

53 2496 59 2502 ’
91 2491 142 2538 F.
184 2484 445 2547 Liebman,
481 2490 533 2538 in
571 2491 720 2538 terris
751 2490 1051 2548 Mexicani8‚
1096 2501 1151 2538 ut
1188 2492 1428 2540 scientiae
1463 2493 1617 2540 inser-

91 2580 242 2637 viret,
282 2583 546 2644 coegerat,
584 2581 636 2627 in
676 2599 824 2628 usum
863 2581 1152 2646 Synop-seos
1188 2582 1440 2637 conferre,
1479 2574 1616 2630 unde

89 2685 307 2732 magnus
341 2670 625 2734 specierum
671 2688 919 2719 novarum
968 2688 1212 2719 numerus
1255 2672 1397 2737 operi
1442 2683 1615 2719 nostro

90 2757 324 2816 affluxit,
390 2759 524 2808 sicut
588 2761 762 2817 nobis,
833 2761 1187 2810 benevolentia
1242 2763 1334 2811 cel.
1393 2765 1612 2827 Hampe‚

91 2844 330 2896 Klotzsch
384 2858 434 2896 et
485 2850 824 2916 Kohlmeyer,
899 2851 992 2914 qui
1049 2851 1358 2900 lien-barium
1422 2853 1616 2900 Mauri-

91 2933 286 2982 tianum
338 2948 551 2997 emerat,
607 2940 780 2988 omnia
827 2958 960 3004 quae
1008 2941 1198 2988 Moritz
1249 2940 1541 3006 nuperrime
1588 2959 1616 2987 e

1305 3041 1327 3064 B
