1824 3252
150 201 196 232 74
752 192 1060 238 Jungermannia.

150 323 262 357 saepe
287 312 496 346 inflatorum
522 308 667 350 axillis,
701 307 871 342 monoica
898 306 1065 340 rariusve
1091 304 1233 347 dioica;
1268 307 1445 342 antherae
1471 309 1667 352 globosae3

148 373 337 406 filamenta
356 368 496 404 brevia.
547 367 676 401 Caulis
702 376 836 410 repens
863 369 927 400 aut
952 368 1163 409 prostratus
1189 365 1247 400 vel
1274 365 1432 410 simplex
1458 368 1515 402 vel
1543 379 1665 403 ramo-

149 441 225 465 sus.
275 430 380 464 Folia
415 426 599 467 succuba,
634 426 779 468 integra
811 424 869 458 vel
908 423 1258 468 bi-pluridentata,
1298 426 1486 461 nonnullis
1521 428 1666 471 Scapa-

148 490 292 524 niarum
328 488 374 522 ad
406 487 524 520 instar
557 484 801 528 complicata,
836 483 967 527 paucis
1001 483 1181 518 multifida
1219 484 1365 519 laciniis
1390 485 1549 520 setaceis
1575 486 1665 519 arti-

148 549 293 584 culatis.
345 543 594 580 Fructificatio
613 542 831 584 terminalis,
859 553 962 577 ramo
989 543 1047 576 vel
1075 543 1182 577 caule
1207 543 1367 578 florifero
1384 544 1421 578 in
1444 545 1668 590 quibusdam

149 619 170 642 a
197 606 311 642 sterili
338 605 494 639 diverso.
543 602 703 636 Plantae
729 601 939 643 terricolae,
965 602 1023 636 vel
1051 613 1163 646 super
1188 603 1325 637 muscis
1350 603 1553 647 parasium,
1578 613 1665 637 cae-

146 666 321 710 spitosae,
350 662 446 696 aliae
471 661 676 705 speciosae,
705 661 801 695 aliae
827 660 960 704 exiles,
988 671 1182 705 perenneS‚
1209 662 1412 696 nonnullae
1430 662 1505 696 fors
1523 672 1669 696 annuae

148 728 213 759 aut
239 723 405 757 biennes.
456 720 644 755 Foliorum
672 723 823 754 textura
849 719 1054 762 herbacea,
1086 720 1243 754 maculis
1270 720 1358 754 retis
1383 720 1670 764 grandiusculis,

146 782 363 828 praesertim
389 780 426 814 in
453 779 623 813 subtribu
640 779 897 823 Bicuspidum.
950 779 1118 823 Flagella
1144 779 1304 814 subinde
1331 780 1526 814 accedunt.
1575 779 1666 813 Am—

148 840 373 887 phigastria‚
409 839 473 873 ubi
501 839 658 880 adsunt,
695 842 761 872 aut
787 839 965 873 subulata
991 843 1078 873 sunt
1103 842 1140 873 et
1165 838 1424 882 integerrima,
1459 843 1524 873 aut
1557 839 1669 883 paulo

146 901 279 935 latiora
315 903 352 933 et
387 909 515 942 grosse
542 898 719 940 dentata,
748 902 813 932 aut
838 898 953 931 bifida
979 908 1098 943 eaque
1124 898 1234 932 modo
1261 898 1436 941 dentata,
1473 898 1582 932 modo
1607 898 1665 931 in-

146 959 354 1004 tegerrima.
407 959 536 993 Genus
565 958 728 1002 amplum
755 956 841 1002 (137
874 957 1057 1003 species),
1090 957 1293 992 maximam
1319 960 1463 1001 partem
1496 958 1669 1000 Europae

145 1023 182 1054 et
207 1018 401 1053 Americae
429 1017 548 1061 magis
575 1016 858 1061 septentrionali
887 1016 1140 1060 adscriptum,
1166 1017 1232 1051 sed
1259 1016 1354 1050 raris
1380 1015 1577 1060 speciebus
1604 1025 1669 1058 per

144 1082 260 1113 totum
287 1082 468 1113 terrarum
494 1078 621 1112 orbem
647 1077 869 1121 dispersum.
930 1075 1085 1120 Species

367 1138 586 1181 Europaeae
614 1141 702 1170 sunt
728 1139 786 1178 85,

366 1195 515 1230 Africae
542 1195 773 1230 australioris
799 1205 883 1228 cum
912 1188 1051 1228 Insuli's
1079 1193 1311 1228 Mascarenis
1336 1196 1371 1234 9,

365 1254 475 1289 Asiae
501 1254 666 1298 tropicae
697 1257 752 1295 15,

365 1313 561 1348 Americae
588 1312 905 1357 septentrionalis,
933 1323 1016 1347 cum
1045 1311 1299 1347 Groenlandia
1326 1315 1360 1353 3,

366 1372 561 1407 Americae
588 1372 753 1407 maxime
780 1372 949 1417 tropicae
978 1376 1033 1414 15,

365 1432 497 1467 Novae
525 1431 753 1466 Hollandiae
779 1435 817 1466 et
844 1430 1057 1466 Australiae
1084 1433 1116 1465 8.

145 1493 351 1534 sectiones,
378 1491 416 1526 in
442 1501 537 1535 quas
563 1490 763 1533 dividitur,
791 1489 935 1535 reliqua
960 1489 1070 1524 huius
1084 1489 1218 1523 Tribus
1244 1499 1421 1533 genera
1448 1490 1669 1525 arctioribus

143 1551 278 1585 finibus
304 1554 487 1595 repetunt.

240 1613 270 1654 §.
300 1614 330 1646 1.
384 1610 632 1657 Complicatae.
677 1609 783 1645 Folia
809 1608 1034 1653 complicata
1059 1608 1186 1643 biloba
1212 1608 1271 1642 vel
1297 1607 1423 1651 bifida,
1448 1608 1544 1643 lobis
1572 1609 1663 1643 laci-

143 1669 262 1704 niisre
288 1681 401 1715 saepe
426 1670 702 1715 inaequalibus,
727 1668 865 1704 dorsali
883 1668 1028 1704 minori.
1063 1667 1319 1702 Perianthium
1347 1668 1547 1711 oblongum
1573 1680 1664 1703 ova-

142 1734 285 1773 tumve,
324 1730 515 1775 plicatum.
585 1729 774 1775 Scapanz‘is
812 1728 1045 1763 accedentes.
1112 1727 1244 1772 Specc.
1276 1730 1291 1761 1
1320 1748 1334 1754 -
1359 1730 1391 1762 8.
1457 1727 1666 1772 Pleraeque

141 1789 373 1833 Europaeae.

236 1849 264 1892 ξ.
292 1852 326 1883 2.
379 1847 634 1882 Homomallae.
696 1847 802 1882 Folia
845 1857 1013 1881 concava
1051 1849 1116 1879 aut
1156 1844 1471 1889 subcomplicata‚
1519 1855 1664 1879 sursum

143 1907 326 1948 secunda,
359 1906 507 1950 integra
543 1911 608 1940 aut
642 1906 766 1940 bifida.
819 1904 1077 1939 Perianthium
1113 1908 1272 1947 anguste
1307 1903 1559 1947 pyramidale,
1595 1904 1662 1937 tri-

141 1965 455 2010 quadrangulare,
472 1976 535 2000 ore
553 1965 687 2000 lacero.
717 1965 849 2009 Specc.
864 1967 886 2002 9
900 1984 916 1991 ·-
932 1967 989 1998 15.
1027 1962 1222 2004 Exoficae,
1234 1963 1463 2006 exceptan.
1475 1962 1664 1997 Doniana.

236 2038 266 2079 §.
301 2039 335 2071 3.
390 2036 604 2070 Communes.
656 2035 764 2070 Folia
799 2034 1088 2070 semiverticalia
1114 2038 1179 2068 aut
1205 2033 1484 2076 subverticalia‚
1517 2033 1666 2078 oblique

143 2096 346 2139 explanata
371 2099 437 2130 aut
462 2105 608 2129 sursum
635 2094 895 2137 conniventia,
927 2095 1085 2138 integra,
1113 2094 1328 2136 bidentata,
1366 2093 1426 2127 bi·
1445 2092 1568 2127 trifida
1602 2096 1667 2126 aut

143 2155 499 2199 setaceo-plurifida.
551 2154 830 2198 Amphigastria
856 2154 915 2189 vel
942 2154 1146 2196 difformia,
1179 2158 1216 2188 et
1249 2158 1327 2187 tum
1354 2164 1442 2188 vero
1466 2153 1563 2187 soliis
1596 2151 1667 2185 mi—

144 2224 233 2247 nora
258 2213 402 2258 integra
428 2218 494 2249 aut
518 2213 651 2256 bifida,
688 2215 747 2248 vel
781 2213 879 2248 foliis
905 2213 1118 2263 conformia⁴
1137 2216 1174 2247 et
1198 2213 1455 2257 magnitudine
1481 2211 1666 2257 aequalia,

144 2272 335 2314 permultis
376 2274 491 2307 nulla.
543 2273 802 2308 Perianthium
838 2273 875 2307 in
911 2273 1018 2308 caule
1061 2272 1220 2307 ramisve
1253 2271 1505 2307 conformibus
1536 2269 1664 2305 termi-

143 2329 241 2371 nale,
271 2331 602 2374 subcylindricum‚
623 2332 822 2374 clavatum,
839 2333 1053 2376 oblongum,
1075 2331 1207 2376 paucis
1226 2328 1668 2376 elongato-pyramidale‚

144 2387 529 2433 tri-quadrangulare,
555 2391 640 2435 plus
659 2391 796 2434 minus,
823 2392 954 2426 saltem
972 2391 1019 2426 ad
1046 2400 1099 2433 OS,
1125 2390 1318 2435 plicatum.
1369 2390 1501 2435 Specc.
1528 2389 1665 2422 12-97.

146 2446 355 2492 Pleraeque
382 2450 615 2494 Eur-opacae.

241 2512 285 2546 A.
337 2512 594 2559 Inteyrifoliae.
648 2516 945 2559 Specc.16-48.

243 2571 286 2604 Β.
340 2571 520 2607 Bidentes.
572 2574 678 2609 Folia
717 2574 824 2618 apice
862 2574 1076 2617 bidentata,
1116 2573 1247 2618 paucis
1287 2571 1667 2615 tri-quadridentata

147 2628 341 2673 superiora
376 2641 504 2666 versus
549 2637 585 2667 et
618 2634 655 2667 in
688 2634 881 2669 involucro
925 2633 1154 2669 accedentia.
1207 2633 1340 2676 Specc.
1367 2633 1518 2665 4849.
1571 2630 1663 2664 Plu-

147 2689 262 2723 rimae
289 2689 521 2734 Europaeae.
1516 2694 1518 2696 ’

244 2752 286 2786 C.
339 2752 531 2788 Barbo'ttae.
591 2754 696 2789 Folia
735 2757 1101 2802 bi-pluridentata,
1145 2756 1312 2800 margine
1356 2767 1468 2800 saepe
1511 2756 1665 2798 undam,

147 2811 366 2853 latiuscula,
413 2816 478 2847 aut
525 2812 797 2858 bi-tripartita
849 2818 1027 2862 varieque
1077 2817 1241 2851 dentata.
1308 2814 1584 2859 Amphigastria
1628 2814 1665 2848 in

148 2870 337 2916 plerisque
372 2871 485 2907 bifida
511 2876 549 2907 et
582 2872 726 2915 lacera,
759 2875 889 2917 paucis
923 2875 1109 2920 simplicia
1134 2876 1296 2910 nullave.
1350 2873 1607 2908 Perianthium
1630 2873 1666 2906 in

150 2930 256 2965 caule
289 2930 448 2967 ramisve
481 2931 732 2967 conformibus
765 2934 978 2977 terminale,
1013 2935 1236 2979 oblongum,
1271 2933 1460 2978 plicatum.
1513 2931 1667 2977 Species
