1824 3252
720 194 1039 238 Sphaerocarpus.
1564 196 1634 227 595)

122 305 340 350 pyriforme‚
386 305 425 340 in
471 304 608 339 vertice
644 305 890 350 perforatum,
929 306 1048 341 frondi
1085 305 1312 340 continuum.
1378 306 1634 342 Perianthium

121 366 275 399 nullum.
326 364 503 408 Calyptra
537 365 633 409 stylo
668 365 827 400 deciduo
860 372 1056 407 coronata,
1103 365 1200 399 intra
1236 364 1467 399 involucrum
1509 367 1632 400 brevi-

122 425 356 468 pedicellata.
408 426 574 468 Capsula
600 425 748 459 demum
771 425 900 465 libera,
928 425 1093 467 globosa,
1120 435 1192 457 non
1210 423 1418 457 dehiscens.
1470 425 1637 460 Elatercs

123 483 226 517 nulli.
281 484 464 518 antherae
490 483 550 528 (ἲ)
578 484 766 527 globosae,
789 495 854 527 per
883 483 1022 517 frondis
1048 486 1265 517 contextum
1292 482 1494 526 dispersae.

218 542 336 576 Frons
362 543 620 584 horizontalis‚
653 543 683 576 si
711 543 758 576 ad
783 543 1056 578 involucrorum
1084 542 1255 576 volumen
1281 542 1454 585 respicis,
1488 542 1638 585 exigua,

125 602 435 643 suborbicularis,
486 602 633 643 lobata‚
683 602 829 645 tenuis,
880 603 966 636 laxe
1010 601 1223 641 reticulata,
1271 601 1498 644 epidermide
1540 602 1638 636 haud

124 661 313 696 distincta.
366 662 479 695 Costa
505 661 618 695 nulla.

220 719 309 752 Vita
335 718 372 752 in
401 720 512 763 agris,
537 719 668 761 vineis,
697 719 858 754 humidis
884 720 1034 765 quidem
1061 731 1182 765 neque
1210 731 1296 754 vero
1322 721 1473 755 limosis.

222 778 446 813 Distributio
478 780 738 823 geographica.
791 779 944 823 Species
978 780 1149 823 cognitae
1184 783 1271 813 sunt
1303 783 1345 821 2,
1377 790 1533 824 quarum
1568 791 1642 813 una

127 838 162 871 in
191 839 342 881 Europa
367 838 501 872 crescit
527 838 649 873 media
677 844 714 872 et
740 838 906 877 australi,
934 839 1049 872 altera
1075 839 1113 872 in
1145 839 1240 872 Chili
1267 839 1362 873 lecta
1389 844 1454 874 est.
1504 839 1639 885 Sphae-

128 909 291 943 roearpus
320 897 479 931 Michelii
515 908 590 931 non
617 898 735 931 solum
762 898 798 931 in
826 898 976 941 Europa
1003 897 1068 931 sed
1095 897 1206 931 etiam
1233 898 1269 931 iu
1292 897 1463 931 America
1490 903 1642 942 septen-

126 955 272 989 trionali
299 959 335 989 et
360 955 396 989 in
425 955 520 990 Chili
547 955 693 989 crescit.
746 956 789 990 In
818 956 1015 990 latitudine
1045 957 1164 990 altiori
1193 957 1375 1002 celsisque
1402 957 1438 991 in
1455 958 1642 992 montibus

128 1016 271 1060 species
297 1016 407 1050 huius
434 1017 579 1060 generis
604 1016 642 1050 in
668 1016 767 1050 hunc
794 1015 892 1049 diem
919 1027 992 1050 non
1019 1016 1194 1050 inventae
1222 1021 1319 1050 sunt.

441 1101 471 1131 1.
523 1097 955 1141 sphaerae-armos
979 1097 1213 1131 fllia-helii
1241 1097 1335 1131 Bell.

225 1156 508 1203 Splc.im·0lucris
525 1155 693 1190 sessilibus
702 1155 958 1202 pyr-{sbrmibus
973 1156 1070 1200 apice
1089 1168 1172 1201 poro
1197 1157 1317 1200 (ει-ἱραί)
1336 1156 1499 1201 pcrtztsis,
1514 1156 1646 1201 fronde

129 1216 381 1250 subm-hiemari
406 1215 657 1249 enervi-lebam
684 1215 766 1248 labis
790 1215 1004 1253 rotundatis,
1039 1214 1203 1259 (capsula
1235 1215 1343 1249 sessili
1376 1215 1464 1261 stylo
1496 1216 1644 1256 deciduo,

130 1274 314 1309 seminibus
339 1276 493 1309 tricoccis
518 1274 681 1309 areolatt's
706 1274 843 1317 Mont.)

323 1335 602 1378 Sphaerocarpus
632 1335 784 1366 Michelii
820 1330 915 1365 Bell.
942 1331 1059 1365 Mont.
1089 1331 1184 1367 Cenc,
1215 1332 1267 1378 pl.
1303 1333 1376 1368 cell.
1404 1335 1439 1367 in
1467 1334 1563 1368 Arm.
1591 1336 1647 1368 (Ics

406 1405 451 1427 sc.
479 1399 551 1426 nat.
577 1396 611 1426 2.
634 1391 744 1426 Se'rie.
772 1391 845 1425 IX.
866 1404 905 1437 p.
932 1394 991 1426 39.

322 1454 598 1496 Sphaerocarpus
626 1453 794 1484 terrestris
830 1451 939 1485 Mich.
967 1451 990 1484 l.
1016 1463 1044 1484 c.
1106 1450 1220 1495 Ldbffl·
1248 1451 1349 1486 Ricc.
1383 1455 1420 1488 in
1448 1454 1534 1487 Noc.
1565 1454 1646 1487 Act.

410 1512 477 1546 Ac.
506 1512 593 1545 Nat.
622 1510 708 1544 Cur.
735 1510 891 1544 XVIII.
923 1514 951 1544 l.
985 1523 1020 1556 p.
1048 1514 1130 1546 496.
1158 1518 1183 1545 t.
1208 1515 1267 1546 36.
1283 1512 1322 1556 f.
1356 1515 1383 1547 Ι.
1411 1511 1523 1554 (cum.
1549 1516 1648 1558 syn.)

407 1577 438 1604 et
466 1571 559 1616 App.
587 1582 624 1616 p.
652 1572 736 1604 504.
770 1569 806 1602 k.
866 1570 989 1614 lllouy.
1024 1576 1056 1603 et
1089 1569 1199 1603 Nestl.
1233 1570 1290 1604 St.
1327 1583 1376 1605 cr.
1410 1571 1646 1616 Vvy.·Rlzen.

409 1629 484 1663 XI.
510 1642 546 1663 n.
576 1632 678 1662 1044.
709 1628 918 1675 (specimina
945 1629 1213 1674 Durlacensia).
1274 1630 1329 1663 De
1356 1630 1503 1664 Notaris
1529 1630 1647 1663 Prim.

411 1688 502 1734 Hep.
530 1688 607 1721 ital.
626 1700 665 1734 p.
681 1691 740 1722 62.
767 1701 801 1721 n.
817 1691 876 1723 81.
919 1689 966 1722 N.
983 1688 1025 1722 ab
1036 1688 1081 1723 E.
1103 1688 1196 1734 Hep.
1214 1688 1305 1723 Ear.
1329 1689 1445 1735 IV.p.
1461 1688 1646 1722 LXVIII.

406 1750 477 1781 364
501 1755 534 1781 et
559 1750 641 1782 365.
667 1760 702 1781 η.
731 1751 762 1780 1.
1564 1758 1568 1762 ·

324 1808 602 1851 Spliaerocarpus
628 1809 819 1849 lagenarius
849 1816 880 1838 et
909 1809 1113 1839 uu-iculosus
1141 1806 1305 1841 Damort.

324 1868 504 1908 Targionia
532 1867 776 1909 sphaerocarpa
803 1865 927 1900 Dicks.

232 1924 389 1958 Habitat
415 1925 493 1959 solo
519 1925 823 1959 arenoso-lutoso
849 1925 1122 1959 humidiusculo
1147 1925 1243 1960 inter
1262 1937 1409 1960 muscos
1425 1926 1649 1960 Germaniae

131 1986 263 2029 (prope
275 1986 479 2019 Durlacum
495 1984 531 2018 in
547 1984 686 2028 Magno
701 1984 849 2018 Ducatu
868 1985 1062 2029 Badensi),
1083 1985 1242 2026 Galliae,
1262 1985 1406 2027 Italiae,
1421 1986 1649 2025 Lusitaniae,

135 2046 320 2089 Corcyrae
347 2044 512 2085 insulae,
551 2043 747 2078 Americae
773 2043 1075 2087 septentrionalis
1109 2050 1145 2078 et
1171 2044 1365 2079 Americae
1399 2047 1650 2081 meridionalis

134 2105 285 2149 (Chile).

431 2167 466 2198 2.
517 2163 948 2208 Sphaesrocarpus
972 2164 1207 2198 Berterii
1232 2163 1352 2198 Mont.

200 2223 284 2268 Sfflz.
295 2222 478 2256 involucris
487 2225 562 2256 coni
564 2223 770 2268 co-oblonyz's
781 2223 910 2257 obtusis
923 2222 1057 2269 (primo
1068 2223 1236 2257 sessilc'bus
1246 2222 1652 2269 dcmmn)pecluncula!is

134 2294 217 2326 poro
249 2281 364 2327 amplo
391 2282 565 2327 pertusi-3,
591 2282 723 2327 fronde
760 2284 948 2316 tenerrima
980 2282 1146 2316 laciniam
1176 2283 1292 2315 enervi
1317 2282 1454 2316 laciniis
1478 2283 1651 2326 euneifbr-

137 2339 248 2373 mibzts
279 2339 444 2385 (capsula
468 2339 574 2374 sessili
597 2340 684 2386 stylo
709 2342 859 2382 deciduo,
892 2341 1076 2375 seminibus
1102 2341 1255 2375 tricoccis
1274 2341 1476 2388 suſtrrsperis,
1504 2341 1539 2374 M
1548 2343 1651 2385 ont).

328 2400 606 2442 Spliaerocarpus
634 2401 773 2431 Berteiii
802 2400 917 2433 Mont.
947 2400 1045 2433 Ceut.
1066 2400 1118 2446 pl.
1145 2400 1217 2434 cell.
1245 2401 1281 2433 in
1306 2401 1402 2434 Amz.
1429 2402 1483 2435 des
1506 2414 1552 2435 sc.
1580 2408 1650 2434 met.

413 2461 446 2492 2.
463 2458 575 2492 Serie.
592 2458 664 2491 IX·
685 2471 723 2504 p.
740 2461 799 2493 39.
822 2472 855 2493 n.
874 2462 933 2495 67.
961 2467 991 2492 ct
1018 2461 1055 2492 in
1080 2459 1276 2506 d'Orbiyny
1300 2473 1372 2507 voy.
1400 2462 1484 2494 (lans
1499 2460 1650 2494 l'Amer.

413 2518 536 2552 mbr-id.
566 2517 649 2550 Bot.
670 2530 709 2563 p.
729 2522 789 2553 50.
841 2519 888 2552 Ν.
916 2519 956 2552 ab
983 2519 1028 2552 E.
1058 2519 1150 2565 IIep.
1177 2519 1268 2553 Eur.
1302 2520 1371 2554 IV.
1399 2533 1436 2566 p.
1464 2521 1651 2554 LXVIII.

413 2580 484 2612 364
511 2584 542 2611 et
568 2580 650 2612 369.

330 2638 610 2682 Sphaerocarpus
638 2639 803 2682 stipitatus
822 2636 1038 2683 Biscltqffz'n
1060 2636 1168 2671 Herb.
1186 2638 1380 2673 Hoclmtett.
1423 2638 1534 2683 Lclbgs.
1550 2640 1651 2673 Βία.

415 2698 453 2731 in
468 2698 654 2732 Nov.Act.
670 2697 735 2731 Ac.
752 2697 838 2730 Nat.
859 2696 943 2730 Cur.
972 2696 1128 2730 XVIII.
1162 2700 1189 2732 Ι.
1217 2697 1311 2743 App.
1335 2710 1371 2743 p.
1389 2701 1472 2732 504.
1501 2699 1523 2733 i.
1551 2706 1575 2733 t.
1594 2703 1650 2734 32

331 2757 608 2800 Sphaerocarpus
639 2759 805 2790 terrestiis
834 2756 936 2791 Bert.
950 2757 987 2790 in
1001 2755 1110 2792 Herb.
1127 2757 1321 2791 Hoclrslett.
1337 2764 1370 2791 et
1386 2758 1481 2792 Nees.
1498 2771 1530 2792 η.
1551 2761 1652 2797 1331,

416 2815 453 2848 in
481 2815 591 2850 Herb.
620 2816 735 2850 Mam.
761 2829 796 2850 η.
828 2819 930 2850 1279.

237 2874 280 2908 In
307 2875 459 2918 pascuis
486 2875 673 2910 sterilibus
699 2875 862 2918 collium,
890 2875 980 2910 locis
1008 2876 1111 2918 udis,
1145 2887 1259 2919 prope
1286 2876 1452 2917 Quillota
1480 2878 1514 2911 in
1543 2888 1654 2920 reguo

143 2934 306 2968 Cliilensi
334 2934 510 2975 (Bertero
534 2933 571 2968 in
601 2935 677 2968 Hb.
705 2935 875 2977 Hochst.‚
905 2936 956 2970 M.
984 2940 1020 2969 et
1049 2935 1123 2978 N.).

1295 3021 1385 3049 38*
