1824 3252
773 186 905 222 Pellia.
1539 189 1610 222 489

198 301 262 342 {3³¹2
282 300 474 345 lonyifolia,
500 300 683 333 frondibus
718 302 753 332 in
778 301 919 334 lacinias
945 301 1063 343 longas
1090 300 1244 343 margine
1272 300 1550 332 inciso-lobatas
1579 310 1610 332 et

280 360 421 392 nudatas
449 360 578 391 divisis.

367 418 415 451 N.
442 417 484 450 ab
512 417 559 450 E.
588 417 611 451 I.
638 430 666 451 c.

365 478 634 518 Jungermannia
668 477 835 522 epiphylla
868 481 890 519 β
926 477 1104 519 longifolia
1146 476 1248 510 Lam.
1284 475 1373 509 Enc-
1401 475 1505 509 ΊηέίΙι.
1535 474 1608 511 III.

410 538 540 580 p.286.
593 534 707 569 Hook.
736 535 836 570 Brit.
864 536 1048 580 Junqerm.
1075 535 1113 568 in
1137 535 1244 569 deser.
1272 536 1318 568 ad
1341 541 1365 568 t.
1393 538 1451 569 47.

365 596 632 638 Jungermannia
661 596 829 638 epiphylla
846 595 868 632 β
884 595 1123 627 endiviaefolia
1150 593 1318 629 Lindenb.
1338 594 1426 639 Hep.
1443 594 1535 628 Eur.
1550 593 1607 627 Le.

171 665 209 696 γ,
233 654 444 693 aeroanclra,
483 654 614 685 laciniis
641 654 854 686 brevioribus
880 655 988 696 magis
1016 653 1188 684 undulatis
1225 656 1314 685 iuxta
1348 655 1459 697 apices
1489 653 1610 686 tuber-

232 715 316 745 culis
342 714 502 744 masculis
529 713 661 755 aliquot
688 706 932 756 adproximatis
958 712 1133 756 praeditis.

364 770 412 803 N.
440 770 482 803 ab
508 770 553 804 Ε.
582 770 604 803 l.
632 782 659 803 c.

110 829 160 863 B.
182 829 321 861 Fronde
348 831 558 871 planiuscula
593 831 626 861 in
660 831 835 872 plerisque
871 838 985 861 autem
1018 831 1174 871 margine
1210 828 1372 860 undulata
1407 837 1463 860 aut
1498 830 1607 872 crispa

182 897 281 929 atque
303 887 533 919 adscendente
550 888 697 928 rigidula
725 888 811 929 (scil.
834 896 927 931 parte
953 888 1095 919 foliacea
1117 887 1159 919 ad
1182 888 1401 919 incrassatam
1420 888 1608 929 angustiori

181 957 218 977 ac
246 947 279 977 iu
305 947 480 989 plerisque
508 946 682 989 firmiori).
730 946 919 988 Pleraeque
947 947 1127 977 coloratae.

363 1004 410 1036 N.
438 1002 480 1036 ab
507 1003 552 1037 E.
583 1002 606 1037 l.
633 1015 660 1036 c.

170 1069 200 1104 δ,
226 1064 358 1108 crispa,
395 1063 577 1095 frondibus
604 1062 766 1095 brevibus
795 1062 1141 1105 oboram—oblongis
1168 1063 1385 1106 simplicibus
1413 1072 1469 1096 aut
1495 1063 1606 1096 bifidis

226 1123 487 1165 lobato-crispis
513 1121 725 1163 marginibus
753 1121 1053 1153 adscendentibus.
1102 1123 1212 1166 Saepe
1238 1134 1421 1166 purpurea.

365 1180 413 1213 N.
439 1179 483 1213 ab
510 1180 556 1213 Ε.
584 1179 608 1217 l.
633 1192 662 1212 c.

359 1241 629 1281 Jungermannia
656 1239 824 1282 epiphylla
850 1238 952 1283 Seop.
980 1238 1085 1273 Flor.
1115 1239 1221 1273 Carn.
1249 1241 1300 1273 ed.
1318 1243 1349 1273 1.
1370 1243 1504 1285 p.122.
1530 1243 1606 1274 n.·2.

407 1298 457 1330 ed.
481 1300 517 1331 2.
546 1296 599 1330 11.
621 1309 661 1342 p.
687 1299 772 1330 350.
799 1310 833 1330 η.
864 1299 967 1331 1351.
995 1296 1103 1341 (ezel.
1130 1299 1228 1344 syn.)

168 1367 196 1397 ε,
222 1354 405 1396 undulata,
431 1357 658 1398 longiuscula,
685 1357 925 1397 late-linearis,
952 1357 1170 1396 dichotoma‚
1204 1357 1416 1400 marginibus
1444 1359 1605 1390 horizon-

225 1415 346 1447 talibus
373 1415 524 1447 rariusve
552 1414 843 1447 adscendentibus
870 1415 1183 1458 repando—Iobatis.
1233 1416 1270 1448 In
1298 1418 1394 1459 aquis
1423 1425 1545 1448 erecta.

361 1473 408 1506 N.
434 1472 477 1506 ab
505 1473 552 1507 E.
580 1473 604 1507 l.
631 1486 659 1507 c.
680 1486 719 1519 p.
746 1476 829 1507 365.

204 1546 218 1566 ε
248 1542 277 1573 1,
302 1532 435 1566 viridis.

203 1602 218 1622 ε
245 1599 275 1632 2,
303 1593 434 1624 intense
460 1603 633 1635 purpurea
659 1592 812 1635 apicibus
842 1592 1020 1623 viridibus.

360 1652 409 1685 N.
435 1650 478 1684 ab
504 1651 551 1685 Ε.
580 1651 602 1684 l.
628 1663 657 1684 c.

355 1711 461 1742 Pellia
488 1711 657 1754 epiphylla
682 1722 752 1742 var.
778 1709 1016 1741 endiviaefolia
1043 1708 1138 1744 Flot.
1164 1716 1196 1743 ct
1222 1710 1268 1743 N.
1296 1709 1339 1743 ab
1366 1710 1412 1746 E.
1438 1712 1476 1745 in
1492 1711 1601 1746 Diar.

367 1777 369 1779 ’
397 1769 538 1803 Ratisb.
567 1771 671 1803 1836.
700 1769 732 1803 Ι.
760 1767 877 1801 Beihl.
899 1780 938 1813 p.
968 1770 1012 1802 14
1035 1774 1068 1801 et
1093 1772 1153 1803 23.

163 1823 201 1869 ζ,
226 1829 441 1873 aeruyinosa,
469 1832 596 1869 minor,
623 1830 768 1872 simplex
795 1838 851 1860 aut
877 1829 1036 1860 exlatere
1050 1830 1347 1871 patenti-ramosa,
1373 1830 1439 1860 late
1454 1829 1603 1868 linearis,

225 1890 318 1931 apice
344 1900 467 1931 parum
495 1889 652 1929 dilatata,
687 1887 901 1930 marginibus
928 1886 1275 1919 undulato-lobulatis
1302 1887 1604 1920 adscendentibus.

223 1947 432 1989 Plerumque
472 1947 889 1990 purpurascenti-virens
929 1954 986 1978 aut
1020 1947 1240 1987 aeruginosa,
1282 1946 1491 1989 quandoque
1534 1956 1602 1979 tota

222 2017 407 2050 purpurea.

360 2064 408 2098 N.
434 2063 478 2097 ab
504 2063 553 2098 E.
580 2063 603 2099 l.
631 2076 661 2099 c.

161 2132 193 2166 ²7,
221 2121 327 2163 lorea,
353 2124 501 2164 linearis,
531 2124 701 2166 elongata,
729 2123 961 2166 irregulariter
989 2121 1101 2161 bifida,
1128 2133 1168 2153 ex
1186 2123 1282 2164 apice
1301 2124 1465 2166 prolifera
1492 2135 1601 2166 quan—

223 2181 339 2224 doque
367 2191 400 2214 et
424 2183 646 2225 subsimplex,
672 2182 791 2223 rigida,
817 2183 926 2214 limbo
954 2182 1098 2213 foliaceo
1126 2189 1267 2222 angusto
1290 2182 1503 2225 marginibus
1525 2194 1601 2214 cre-

222 2239 346 2270 nulatis
373 2242 547 2280 revolutis,
571 2241 733 2273 radiculis
760 2253 859 2284 saepe
887 2241 1051 2272 obsoletis
1077 2241 1233 2272 nullisve.

358 2299 406 2332 N.
432 2298 475 2331 ab
503 2298 550 2332 E.
577 2298 600 2333 l.
628 2311 656 2332 c.
678 2312 717 2344 p.
743 2301 826 2333 366.

208 2356 274 2398 ἢῆ
301 2358 427 2399 minor,
452 2367 578 2390 statura
603 2360 719 2390 minor
745 2367 846 2402 atque
873 2359 1057 2401 angustior,
1085 2367 1257 2390 caeterum
1281 2358 1424 2389 omnino
1449 2369 1600 2401 congrua

300 2418 435 2448 maiori.

358 2475 405 2508 N.
432 2473 476 2508 ab
503 2475 551 2509 Ε.
578 2474 601 2509 l.
628 2487 657 2510 c.

150 2531 188 2576 9,
209 2532 403 2579 plicatula,
429 2535 737 2577 lineari-angusta,
771 2533 991 2574 dichotoma,
1024 2535 1132 2566 limbo
1160 2535 1306 2566 soliaceo
1334 2544 1475 2578 angusto
1502 2536 1600 2569 hori-

223 2594 348 2625 zontali
375 2594 533 2636 crispato.
582 2592 878 2636 Atro—purpurea,
905 2593 1059 2635 apicibus
1085 2593 1264 2625 viridibus.

358 2651 407 2684 N.
434 2650 476 2684 ab
502 2651 549 2685 E.
576 2651 600 2685 l.
627 2664 654 2686 c.

176 2718 336 2753 Habitat
361 2724 436 2754 tam
463 2721 500 2755 in
527 2725 626 2756 terra
642 2721 756 2762 nuda,
782 2721 967 2756 fossarum
986 2722 1233 2766 marginibus,
1260 2720 1406 2755 viarum
1423 2731 1598 2755 cavarum

81 2777 239 2812 udarum
274 2779 500 2822 parietibus,
538 2792 650 2825 quam
684 2781 723 2816 in
763 2781 868 2815 saxis
904 2781 1065 2816 humidis
1097 2781 1235 2816 muscis
1269 2780 1442 2816 obductis
1477 2785 1516 2815 et
1551 2782 1599 2816 ad

81 2845 177 2869 saxa
209 2839 247 2869 et
278 2847 389 2881 rupes
424 2839 461 2873 in
496 2839 626 2875 rivulis
661 2840 841 2876 montium
874 2852 950 2875 non
980 2840 1178 2884 profundis
1211 2840 1324 2874 totius
1355 2841 1529 2884 Europae
1563 2845 1601 2875 et

81 2893 278 2930 Americae
306 2897 607 2941 septentrionalis
632 2899 946 2945 frequentissima.
987 2899 1111 2934 Etiam
1134 2899 1172 2933 in
1190 2898 1352 2944 Nepalia
1372 2899 1466 2945 (Hb.
1490 2900 1598 2946 Hk.).
