1824 3252
715 193 1012 236 Phragmicoma.
1546 204 1617 237 '743

194 303 356 337 Habitat
381 303 417 337 in
446 303 599 338 Madras
626 305 714 347 (Dr.
744 305 876 349 Wigbt
899 308 936 341 in
965 308 1040 343 Hb.
1069 308 1176 352 Hk.).

194 364 389 408 Caespites
417 364 543 405 densi,
571 364 657 406 lati,
692 365 1065 408 nigrescenti-fusci.
1117 369 1255 403 Caules
1287 372 1298 403 1
1331 391 1347 396 -
1375 374 1400 405 2
1423 372 1509 415 poll.
1539 373 1615 407 alti.

105 422 291 468 Periyonia
321 424 358 457 in
393 424 515 458 medio
542 435 645 458 ramo
678 431 898 468 occurrunt,
938 427 1035 461 foliis
1068 426 1151 461 basi
1184 429 1413 466 ventrioosis.
1465 432 1616 479 Amphi-

99 484 418 532 ycstriaffoblonga
445 484 578 517 obtuse
604 485 849 527 emarginata.
897 485 1003 519 Folia
1030 485 1275 521 involucralia
1301 494 1424 524 acuta.

193 542 329 576 Differt
363 553 384 576 a
423 543 516 577 Phr.
555 542 714 579 bicolore:
767 544 866 578 foliis
903 545 1133 588 longioribus
1178 558 1380 594 eorumque
1428 553 1615 583 structura

102 601 212 635 multo
238 601 421 645 densiore,
449 602 537 636 dum
565 603 833 646 amphigastria
858 605 1003 639 minora
1028 609 1126 640 sunt.

101 692 137 724 p.
158 684 242 716 294.
485 686 519 717 3.
570 685 984 730 Phrraymicoma
1009 686 1219 722 bicolor.

190 742 285 776 Dele
311 752 389 775 var.
419 741 439 778 β
470 743 694 785 Pariiensem,
721 756 817 789 quae
844 756 915 779 non
943 750 999 779 est
1026 746 1135 781 huius
1162 747 1252 789 loci,
1279 751 1317 782 et
1341 747 1456 782 adde:

164 802 198 844 β,
239 807 397 842 armata,
432 804 594 842 tenerior,
629 805 745 835 lobulo
770 806 934 837 foliorum
963 806 1152 838 evidentius
1180 807 1336 848 dentato,
1370 808 1612 851 amphigastrio

236 863 435 893 involucrali
461 863 808 904 lunato—emarginata
834 865 989 906 margine
1016 866 1409 907 repando-subdentato.

164 932 201 963 γ,
237 921 412 966 conferta,
450 922 537 952 soliis
572 922 894 965 amphigasuiisque
922 923 1158 963 densioribus,
1196 926 1260 956 illis
1286 926 1491 968 plerumque
1518 926 1611 967 apice

233 981 365 1011 inflexis
393 981 508 1019 acutis,
536 980 700 1011 soliorum
728 982 990 1013 involucralium
1018 982 1099 1013 lobo
1128 983 1253 1014 dorsali
1279 984 1450 1023 acutiore,
1477 984 1614 1027 aruphi—

233 1041 358 1081 gastrio
386 1040 596 1080 ernarginato
628 1039 719 1071 haud
747 1040 898 1073 dentato.

173 1103 200 1137 δ,
240 1096 461 1139 Trinitensis,
489 1099 653 1129 foliorum
679 1100 796 1130 lobulo
824 1100 1074 1143 paucidentato,
1108 1101 1349 1144 amphigastrio
1376 1115 1444 1134 non
1472 1105 1612 1143 reflexo,

234 1158 476 1201 amphigastrio
505 1159 704 1189 involucrali
731 1160 863 1200 integro
891 1161 985 1202 apice
1014 1160 1176 1191 rotundo.

186 1216 350 1250 Habitat
374 1227 453 1251 var.
482 1219 504 1257 β
531 1216 566 1249 in
594 1227 709 1259 regno
731 1217 932 1251 Mexicano
961 1218 1008 1250 ad
1038 1217 1129 1251 Pico
1156 1218 1201 1251 de
1229 1218 1406 1261 Orizaba,
1433 1220 1497 1253 ubi
1524 1220 1613 1263 legit

95 1275 139 1308 cl.
169 1275 367 1316 Liebman,
404 1286 430 1314 ’γ
456 1275 492 1308 in
528 1276 719 1319 provincia
754 1276 900 1309 Merida
936 1276 1155 1310 Columbiae
1197 1277 1378 1320 (Modtz,
1413 1278 1488 1312 Hb.
1517 1279 1611 1322 Reg.

93 1335 215 1368 Berol.
242 1346 277 1369 n.
310 1338 410 1380 162),
437 1334 455 1365 δ
481 1335 577 1367 lecta
605 1346 625 1368 a
652 1336 697 1369 cl.
726 1334 871 1377 Criiger
896 1336 933 1368 in
961 1336 1089 1369 Insula
1115 1336 1307 1370 Trinidad.

90 1425 124 1457 p.
151 1417 233 1449 295.
334 1420 356 1450 3
373 1416 409 1450 b.
458 1415 871 1461 Phrayoenicoma
897 1417 1264 1460 aulacophora
1289 1417 1408 1451 Mont.

184 1475 274 1509 Phr.
301 1474 398 1509 caule
424 1482 562 1521 repente
581 1488 689 1521 parce
713 1476 969 1520 inordinateque
993 1489 1139 1517 ramoso,
1165 1478 1273 1510 ramis
1297 1476 1449 1510 brevibus
1464 1477 1608 1523 patulis,

77 1536 182 1581 foliis
205 1535 505 1569 semiverticalibus
530 1535 713 1580 confertim
747 1534 938 1568 imbricatis
969 1536 1079 1568 osc-atis
1110 1535 1236 1569 obtusis
1266 1536 1514 1581 patentissimis
1539 1536 1610 1570 basi

88 1595 298 1641 complicatis
322 1594 486 1641 plieaque
512 1595 639 1640 inflexa
664 1595 913 1639 inteyerrfflds,
951 1594 1212 1640 amplziyastriis
1236 1594 1499 1629 suborhesseulatz's
1530 1595 1609 1629 sub-

90 1653 281 1687 imbricatis
305 1661 367 1687 aut
392 1655 559 1697 contiyut's
583 1654 832 1698 ἱητεῃειϊίηιίε,
847 1653 978 1698 fructu
1002 1653 1110 1687 sessili
1136 1653 1286 1695 laterali,
1306 1655 1519 1699 perianthiis
1529 1655 1608 1688 sub—

81 1712 227 1757 qlobosis
253 1713 491 1747 multistrz'atis
515 1712 537 1756 (
538 1712 637 1757 plicis
660 1710 811 1757 12-15)
845 1714 1054 1746 mucronatis
1078 1712 1251 1746 involucro
1270 1713 1455 1758 paululum
1481 1713 1609 1757 lorzyio-

85 1771 193 1815 ribus,
205 1772 313 1817 foliis
333 1772 643 1818 amphiyastrioque
665 1770 932 1804 involucralibus
951 1773 1112 1805 menimis
1138 1771 1338 1806 orbiculatis
1351 1771 1607 1817 undulatz'sque.

275 1833 539 1873 Phragmicoma
576 1831 803 1873 anlacopliora
838 1830 952 1864 Mont.
988 1831 1026 1864 in
1053 1830 1185 1864 Αηηαῖ.
1221 1832 1278 1864 des
1308 1844 1352 1864 sc.
1386 1838 1504 1864 natur.
1540 1831 1606 1866 bot.

361 1883 422 1914 2e.
449 1880 515 1913 ser.
552 1879 651 1912 Tom.
680 1878 796 1911 XIX.
825 1890 864 1923 p.
890 1882 973 1912 259.
999 1890 1035 1913 η.
1061 1883 1120 1913 43.
1177 1878 1310 1924 Voyaye
1333 1891 1379 1912 au
1405 1878 1494 1912 Pele
1519 1878 1605 1913 Sud.

354 1939 393 1973 p.
418 1930 501 1961 219.
526 1939 595 1972 sqq.
623 1933 647 1959 t.
681 1925 787 1969 l9.f.
820 1928 849 1959 l.

179 1985 339 2020 Habitat
365 1986 402 2019 in
431 1986 560 2019 Insula
588 1984 879 2028 Manga-Reva
906 1984 952 2018 ad
980 1984 1124 2019 radices
1150 1986 1350 2028 arborum;
1383 1985 1526 2020 invenit
1559 1985 1604 2020 cl.

83 2044 290 2079 Hombron.

178 2105 305 2139 Caulis
333 2115 479 2149 repenS‚
506 2103 699 2145 filiformis‚
726 2102 956 2137 semunciam
983 2103 1129 2146 longus,
1156 2114 1250 2146 vage
1276 2115 1464 2145 ramosus,
1491 2104 1604 2138 ramis

80 2163 245 2207 pinnatis
280 2168 346 2197 aut
379 2169 416 2197 et
447 2164 622 2197 secundis
662 2163 838 2196 brevibus
880 2163 1109 2207 patentibus.
1160 2162 1266 2196 Folia
1301 2163 1602 2204 semiverticalia,

81 2223 297 2264 imbricata,
337 2223 500 2263 alterna,
537 2227 669 2262 ovata,
705 2223 858 2264 obtusa,
895 2223 973 2256 basi
1009 2221 1251 2265 complicata,
1285 2222 1453 2264 margine
1479 2221 1601 2265 plicae

80 2284 238 2324 inflexo,
286 2282 432 2325 integra
465 2287 503 2315 et
536 2281 793 2324 integerrima,
842 2293 908 2325 per
942 2281 1147 2315 siccitatem
1182 2281 1280 2315 cauli
1318 2280 1599 2321 circumvoluta,

80 2343 231 2376 madida
258 2353 345 2376 vero
372 2340 478 2384 apice
506 2340 775 2384 patentissima.
814 2340 920 2374 Retis
955 2342 1102 2375 areolae
1128 2341 1353 2383 marginales
1380 2341 1599 2386 quadratae,

79 2410 250 2436 caeterae
276 2401 518 2444 irregulares,
545 2400 754 2434 interstitiis
781 2400 916 2434 crassis
943 2400 1148 2435 seiunctae.
1199 2400 1310 2434 Color
1334 2399 1598 2443 fusco-niger.

80 2462 350 2508 Amplaiyastria
376 2460 568 2494 dimidium
596 2460 722 2494 folium
752 2460 965 2504 aequantia,
991 2460 1164 2493 deorsum
1184 2459 1327 2492 minora
1349 2459 1598 2502 subcontigua

77 2531 223 2554 sursum
252 2519 504 2564 ramealiaque
523 2519 663 2553 maiora
684 2519 770 2552 laxe
791 2519 998 2558 imbricata,
1026 2518 1319 2560 suborbiculata‚
1344 2518 1595 2563 integerrima,

78 2580 350 2623 subadpressa,
386 2590 406 2612 e
438 2579 518 2613 basi
553 2579 773 2612 fasciculum
808 2579 1068 2612 radicellarum
1102 2579 1325 2623 promentia.
1376 2578 1534 2612 Fructus
1557 2577 1595 2612 in

76 2639 219 2672 ramulo
246 2638 466 2673 brevissimo
493 2638 710 2679 terminalis,
737 2642 802 2671 aut
828 2638 1035 2672 secundum
1061 2639 1205 2672 caulem
1233 2638 1409 2680 lateralis,
1440 2637 1594 2672 sessilis.

76 2697 180 2731 Folia
207 2697 434 2731 involucralia
466 2709 534 2741 pro
566 2697 709 2732 ratione
741 2699 892 2742 plantae
925 2698 1111 2739 maxima,
1145 2698 1390 2739 orbicularia,
1425 2698 1594 2741 margine

76 2755 270 2796 undulata,
298 2756 429 2789 subtus
453 2757 550 2800 plica
577 2757 652 2790 lata
678 2767 761 2789 cum
789 2757 1060 2801 amphigastrio
1084 2758 1304 2792 involucrali
1332 2768 1450 2802 aeque
1470 2758 1593 2801 amplo

75 2815 323 2858 perianlhium
349 2815 575 2850 involventia
609 2821 646 2851 et
677 2816 742 2850 vix
767 2817 897 2851 eodem
926 2816 1079 2851 minora.
1131 2817 1382 2851 Periantlaium
1407 2818 1588 2851 obovato-

75 2875 366 2915 subrotundum‚
403 2875 510 2918 apice
545 2877 843 2910 mucronulatum
880 2887 901 2910 a
936 2880 1064 2910 tenera
1092 2880 1215 2911 aetate
1249 2877 1449 2920 plicatum,
1482 2876 1591 2921 plicis

74 2932 408 2976 longitudinalibus
435 2935 643 2970 numerosis
673 2936 842 2980 (12-15)
871 2946 891 2969 a
919 2936 999 2970 basi
1026 2936 1074 2971 ad
1102 2936 1246 2980 apicem
1271 2935 1588 2980 procurrentibus.
