1824 3252
173 200 245 233 728
860 196 1024 230 Radula.

273 312 413 346 Differt
454 322 475 346 a
516 312 614 346 Rad.
642 310 797 357 pallente
832 310 1022 354 (exempl.
1056 309 1148 353 orig.
1186 309 1363 353 Swartz.)
1401 308 1509 343 caule
1542 308 1708 353 longiore

173 373 298 408 colore
324 371 549 407 saturatiore
577 375 614 404 et
640 370 833 411 viridiore,
865 369 963 404 soliis
989 369 1110 412 magis
1136 369 1307 412 oblongis
1332 367 1514 403 minutius
1533 367 1708 402 areolatis

173 435 210 465 et
236 431 362 465 lobulo
389 430 523 473 partim
550 429 695 463 caulem
733 429 943 464 excedente
972 429 1139 472 margine
1165 428 1342 463 interiore
1374 429 1492 463 libero
1526 428 1708 473 apiceque

172 491 297 525 minus
335 491 491 524 incurvo
533 494 570 523 et
608 488 822 533 periantliio
863 490 1072 532 graciliore.
1141 489 1175 522 A
1218 488 1268 524 R.
1301 488 1430 534 reflexa
1466 487 1708 530 distinguitur

172 548 271 583 soliis
312 548 523 583 maioribus
567 554 604 583 et
649 549 770 592 magis
815 551 1006 591 recurvis,
1048 549 1185 583 areolis
1228 548 1461 591 minoribus,
1504 547 1710 583 involucris

171 609 391 643 lateralibus
418 610 614 644 sessilibus
642 614 678 643 et
704 609 917 653 perianthio
944 609 1155 653 graciliore.

171 692 208 725 p.
234 684 320 716 256.
513 685 536 716 9
554 682 588 718 b.
640 682 860 716 Barzala
881 681 1197 727 pocillejfera
1222 681 1371 724 Taylor.

272 741 322 775 R.
357 741 452 775 caule
485 742 629 788 imples-0
650 742 894 788 procumbente
928 754 1010 786 vaye
1035 740 1265 788 suhpinnato,
1299 740 1409 774 ramis
1446 739 1600 774 brevibus
1630 738 1705 774 sub·

164 800 380 848 patentibus,
395 801 502 848 foliis
529 802 604 836 leta-e
630 802 822 836 imbricatis
841 801 1040 848 patentibus
1075 801 1274 834 rotundatis
1300 801 1553 845 integyerrimis,
1589 798 1708 833 lobnlis

171 861 316 895 minutis
351 861 443 895 cauli
475 863 614 896 aclnatis
651 862 915 908 subquaclrtttis,
956 860 1132 895 involucro
1164 859 1311 895 axillari
1343 859 1472 901 sessili,
1510 860 1708 906 pcriantlzio

171 919 368 954 abbreviato
412 921 655 967 campanulum
705 934 761 955 ore
790 921 931 956 'latiori
981 933 1170 967 compresso
1222 927 1384 954 truncato
1432 921 1565 954 minute
1611 927 1709 966 atque

172 978 312 1014 obsolete
340 981 527 1015 crenulato.

365 1042 494 1074 Radnla
534 1043 722 1086 pocillisem
763 1040 865 1087 Tayl.
906 1042 995 1076 Noc.
1037 1042 1130 1086 Hep.
1171 1042 1207 1074 in
1248 1040 1361 1075 Loml.
1397 1041 1527 1075 Journ.
1565 1041 1611 1087 of
1639 1040 1706 1076 bot.

458 1093 561 1124 1846.
585 1102 621 1136 p.
648 1093 731 1125 377.
758 1101 794 1124 n.
821 1092 855 1123 6.

270 1149 435 1183 Habitat
461 1149 498 1183 in
529 1149 659 1183 Insula
688 1148 743 1183 St.
775 1149 963 1193 Domingo
988 1149 1177 1191 (Dickson
1208 1149 1327 1192 1814).

272 1210 448 1256 Caespites
474 1210 621 1253 magni,
661 1209 799 1254 pallide
834 1209 1197 1244 olivaceo-viridcs.
1254 1208 1378 1243 Caulcs
1410 1207 1475 1242 vix
1502 1207 1708 1252 pollicares.

172 1269 280 1304 Folia
306 1281 488 1312 concava,
518 1270 592 1305 fere
619 1270 794 1311 rotunda,
823 1269 1165 1314 patenti-recurva.
1218 1268 1346 1303 Lobuli
1371 1268 1518 1311 minuti,
1545 1267 1709 1312 margine

171 1329 342 1363 interiori
377 1331 477 1364 cauli
509 1330 686 1374 imposito
712 1330 777 1364 sed
805 1331 951 1364 caulem
979 1340 1053 1363 non
1081 1329 1301 1364 excedente.
1353 1328 1606 1362 Per-iantlaium
1631 1328 1707 1363 sin-

172 1390 353 1433 gulariter
389 1391 521 1431 breve,
568 1389 918 1434 circumscriptione
958 1389 1136 1432 trianguli
1175 1389 1476 1434 aequilateralis;
1519 1400 1560 1423 os
1595 1389 1709 1423 latum

173 1460 429 1494 compressum
458 1455 494 1483 et
521 1449 768 1484 minutissime
796 1451 1044 1491 menulatum,
1071 1450 1102 1484 si
1122 1449 1324 1484 fortissimo
1350 1450 1449 1484 lente
1476 1449 1708 1483 observatur.

271 1510 406 1544 Difl'ert
432 1521 454 1545 a
481 1510 532 1545 R.
554 1509 708 1556 pallente
735 1515 879 1545 statura
906 1509 1050 1544 minore
1077 1514 1114 1544 et
1141 1509 1342 1554 perianthii
1368 1510 1486 1544 forma
1518 1507 1710 1552 singulari.

171 1568 326 1614 (Taylor
354 1571 376 1605 l.
405 1572 456 1614 c.)

270 1632 328 1665 An
355 1632 446 1665 haec
474 1630 606 1665 eadem
635 1642 678 1665 ac
706 1635 831 1665 nostra
848 1630 943 1664 Rad.
971 1630 1218 1676 campanulum
1242 1629 1291 1664 sit
1316 1629 1376 1664 vel
1394 1628 1580 1674 quomodo
1598 1627 1706 1662 diffe-

173 1696 243 1734 rat,
271 1691 377 1726 dubii
406 1702 547 1726 sumus.

172 1784 209 1818 p.
239 1776 323 1809 257.
523 1775 568 1807 10
588 1773 623 1807 b.
674 1772 897 1807 Radula
922 1771 1186 1810 recubans
1212 1771 1364 1815 Tayior.

273 1833 323 1868 R.
358 1833 454 1867 caule
487 1834 586 1867 dense
618 1832 766 1879 implero
799 1832 1021 1866 adscendente
1053 1830 1308 1865 subdicltotomo
1333 1830 1559 1877 sahpinnato,
1603 1831 1712 1864 ramis

168 1893 388 1939 patentibus,
412 1893 522 1938 foliis
555 1893 808 1938 adproaeimatis
835 1891 1034 1937 patentibus
1067 1891 1291 1925 subrotmzdz‘s
1318 1890 1438 1936 planis
1464 1890 1711 1935 interseri-imis,

175 1951 296 1986 lobulis
328 1953 517 1986 maioribus
551 1951 1017 1996 rotundato-subquadrutz's
1056 1953 1246 1984 introrsum
1282 1950 1415 1984 caulem
1452 1949 1713 1985 transeuntibus

174 2010 292 2045 liberis
332 2013 533 2045 rotundatis
569 2019 765 2045 extrorsum
803 2010 919 2044 obtuse
957 2010 1142 2056 apiculatis
1180 2010 1477 2051 emisa-sinuatis,
1522 2009 1712 2044 involucris

174 2071 342 2106 axillarz'b
348 2084 386 2106 us
411 2071 678 2117 lateralibnsque
702 2072 785 2105 sessi
788 2069 889 2104 libus.

367 2133 498 2165 Radula
538 2133 706 2163 recubans
758 2129 862 2176 Tayl.
904 2130 994 2164 lvov.
1032 2129 1128 2176 Hep.
1166 2129 1204 2163 in
1245 2129 1357 2163 Lond.
1397 2129 1527 2164 Jow'n.
1565 2129 1610 2175 qf
1642 2129 1710 2165 bot.

460 2182 561 2215 1846.
584 2192 621 2226 p.
648 2181 732 2213 376.
759 2192 794 2212 n.
822 2181 858 2211 5.

274 2239 434 2275 Habitat
460 2239 498 2273 in
528 2239 737 2272 Demerara
762 2238 857 2281 (Hb.
886 2237 1078 2281 Greville).

271 2298 470 2342 Caespites
507 2298 634 2339 densi,
675 2298 835 2332 obscure
878 2297 1030 2332 virides.
1092 2296 1217 2332 Cautes
1249 2300 1273 2331 2
1304 2317 1320 2323 -
1350 2300 1372 2331 3
1407 2295 1561 2341 pollices
1597 2295 1711 2339 longi.

174 2358 280 2393 Folia
305 2359 369 2393 vix
397 2358 608 2393 imbricata.
651 2358 785 2392 Lobuli
807 2358 887 2392 basi
913 2357 1057 2391 tumida
1076 2357 1388 2402 amplexicaules‚
1413 2365 1563 2390 sursum
1580 2354 1712 2390 leviter

173 2418 332 2461 incurvi,
362 2419 470 2463 apice
495 2419 631 2453 obtuse
652 2418 824 2462 angulari
853 2421 890 2452 et
909 2422 1121 2452 extrorsum
1148 2428 1351 2459 converso;
1378 2417 1528 2451 lobulus
1555 2420 1710 2452 externe

175 2478 257 2513 sinu
286 2479 437 2522 gaudet.

272 2536 432 2571 Accedit
463 2537 557 2571 haec
592 2536 638 2570 ad
668 2536 718 2570 R.
735 2536 942 2582 Ιφάυαηιϊαυι
979 2534 1206 2581 (specimina
1241 2547 1289 2570 ex
1316 2536 1450 2570 Insula
1476 2534 1622 2569 Owaihi
1648 2535 1708 2569 in«

131 2634 133 2636 ,
175 2596 360 2642 telligas)‚
404 2596 471 2631 sed
510 2596 634 2631 differt
667 2601 811 2631 statura
850 2596 1012 2637 maiore,
1052 2596 1150 2630 foliis
1188 2595 1308 2639 magis
1343 2595 1534 2637 rotundis,
1576 2594 1711 2629 lobulis

175 2656 404 2695 maioribus.
449 2656 513 2702 qui
556 2656 701 2691 caulem
737 2657 940 2690 introrsum
977 2656 1167 2690 excedunt
1208 2661 1244 2689 et
1281 2660 1492 2690 extrorsum
1538 2655 1707 2689 sinuato-

176 2717 399 2761 emarginati
433 2721 542 2757 sunt,
578 2716 750 2751 foliorum
779 2716 914 2750 areolis
942 2715 1165 2750 arctioribus
1199 2719 1236 2749 et
1262 2714 1482 2759 praesertim
1508 2713 1712 2748 involucris

175 2776 382 2811 sessilibus.
435 2777 586 2821 (Taylor
613 2777 636 2812 l.
663 2777 714 2821 c.)

177 2857 214 2890 p.
241 2849 326 2883 257.
499 2851 544 2881 10
567 2859 599 2883 c.
649 2848 872 2883 Radula
897 2847 1238 2891 Miqraeliana
1262 2845 1413 2888 Taylor.

277 2907 330 2951 R.
356 2907 452 2941 caule
478 2907 624 2954 impleaeo
644 2906 891 2953 procumbente
916 2905 1022 2940 debili
1042 2907 1209 2951 pinnato,
1236 2903 1342 2948 foliis
1376 2903 1492 2937 laxius
1517 2902 1712 2937 imbricatis

173 2965 373 3012 patentibus
405 2965 691 3012 ohlonyo-ovatis
729 2966 858 3001 obtusis
893 2964 1142 3012 ρῖαηίηεοαῖἰε,
1182 2963 1292 2998 {obulo
1328 2963 1458 2998 caulem
1495 2962 1712 3009 amplexante
