1824 3252
721 183 944 219 Sendtnera.
1526 188 1598 220 239

80 306 311 342 crescentes,
348 311 396 333 ex
432 299 486 334 his
525 302 649 333 autem
683 309 759 332 una
791 296 1008 339 (Semitnera
1023 296 1255 342 juniperina)
1287 296 1397 331 etiarn
1432 297 1469 331 in
1501 298 1599 332 Java

82 360 227 399 insula,
273 359 309 393 in
345 359 455 393 India
492 358 663 393 orientali
703 357 886 402 simulque
926 356 1037 390 etiam
1070 355 1106 389 in
1133 355 1303 390 Jamaica
1336 358 1598 400 proveniente;

80 419 208 464 quinta
253 419 413 463 denique
450 419 595 462 species
622 418 660 451 in
689 416 948 451 Promontorio
977 417 1105 449 Bonae
1134 416 1245 459 Spei,
1282 416 1318 449 in
1343 416 1442 451 Java
1475 416 1599 452 insula

82 484 118 513 et
144 480 180 513 in
208 479 358 522 imperis
379 476 580 512 Mexican'o
608 479 703 511 lecta
730 481 797 511 est.
850 475 1047 510 Secundae
1075 475 1251 509 sectionis
1278 476 1436 520 species,
1463 476 1599 520 quibus

80 539 220 573 fructus
249 540 282 572 in
312 539 453 572 ramulo
482 537 583 571 brevi
610 536 774 570 lateralis
800 539 869 577 est,
896 536 1004 580 plane
1031 534 1179 569 inversa
1206 546 1244 569 se
1271 536 1410 569 habent
1434 536 1598 571 ratione:

81 602 253 631 crescunt
288 597 386 631 enim
419 598 456 631 in
486 598 635 640 Europa
672 596 889 640 (Hibernia)
933 597 970 637 1,
1012 596 1050 628 in
1082 595 1179 628 Java
1213 594 1337 628 insula
1362 599 1404 636 2,
1441 607 1599 640 quarum

84 657 199 690 altera
227 661 263 690 et
290 657 325 690 in
354 657 436 690 aliis
463 656 593 690 Indiae
621 655 812 689 orientalis
839 655 1055 698 regionibus
1082 658 1118 688 ct
1142 654 1179 687 in
1206 654 1333 688 Insula
1355 655 1410 689 St.
1431 655 1600 689 Mauritii

82 717 261 756 occurrit,
296 717 332 750 in
367 716 495 749 Insula
532 717 586 750 St.
623 714 790 748 Mauritii
819 719 965 758 praeter
991 714 1104 754 illam,
1132 725 1242 758 quam
1271 715 1455 758 diximus,
1491 719 1528 748 et
1562 716 1599 749 in

82 776 211 809 Insula
225 776 370 809 Tristan
399 776 594 809 d'Acunha
615 778 646 815 1,
673 773 744 807 nisi
767 774 859 807 haec
880 773 1010 807 eadem
1031 773 1079 806 sit
1099 784 1142 806 ae
1162 773 1334 817 proxime
1357 775 1598 818 praecedens.

443 869 561 910 Sect.
595 869 632 908 I.
698 865 999 913 Schisnla
1037 867 1234 909 Dumort.

176 952 334 984 Fructus
372 950 409 983 in
452 961 553 983 ramo
592 950 764 992 elongato
803 947 1020 981 terminalis.
1074 948 1259 982 Involucri
1297 949 1386 984 folia
1424 950 1600 986 interiora

80 1009 288 1054 perianthio
316 1008 556 1052 sexangulari
584 1008 666 1041 basi
693 1012 730 1041 et
756 1017 882 1041 secum
909 1010 1080 1041 connata.

380 1083 408 1114 Ι.
459 1070 1090 1125 Sendtuerajietne‘perina
1117 1078 1165 1112 N.
1193 1079 1239 1113 ab
1268 1080 1309 1113 E.

177 1153 216 1185 S.
231 1152 337 1197 th'z's
363 1151 684 1196 amplziyastriisque
709 1150 876 1194 oblonffl's,
919 1150 989 1183 illis
1016 1151 1109 1184 altra
1134 1152 1283 1184 medium.
1306 1152 1359 1185 his
1383 1154 1430 1185 ad
1455 1154 1601 1187 medium

69 1211 150 1256 sere
165 1210 279 1254 bg'fia't's
295 1212 373 1244 sinn.
398 1209 525 1251 obtuso,
553 1210 689 1243 ltu-iniis
715 1209 913 1243 Imzceolalis
927 1211 1134 1243 {acuminatis
1160 1211 1259 1243 rectis
1276 1210 1600 1255 subclireiyenlibns.

273 1271 428 1303 Schisma
454 1271 686 1313 juniperinum
715 1269 762 1302 N.
779 1268 820 1302 ab
844 1269 891 1302 E.
911 1270 1107 1315 H‹1›.E10·.
1136 1270 1209 1303 111.
1230 1283 1267 1315 p.
1290 1273 1371 1305 575.
1402 1270 1431 1303 I.
1452 1284 1489 1316 p.
1521 1275 1599 1305 108.

272 1331 540 1371 Jungermannia
574 1329 764 1372 juniperina
800 1328 942 1361 Suari:
974 1329 1033 1362 Fl.
1061 1329 1140 1362 Iud.
1175 1342 1238 1362 occ.
1267 1343 1304 1375 p.
1336 1334 1438 1364 1855.
1489 1330 1599 1363 How'c.

357 1388 457 1421 Brit.
484 1388 665 1432 szyemn.
694 1394 718 1422 t.
746 1391 780 1422 4.
806 1394 836 1421 et
863 1388 986 1434 Snppl.
1014 1395 1038 1422 t.
1071 1393 1099 1421 l.

167 1454 199 1487 α,
229 1449 316 1479 soliis
344 1449 663 1491 amphigasrriisque
690 1448 870 1479 subrectis.

165 1507 198 1547 β,
227 1509 313 1543 soliis
341 1508 659 1551 amphigastriisque
687 1508 858 1539 secundis.

361 1568 408 1600 N.
435 1566 477 1600 ab
505 1566 551 1600 E.
579 1567 670 1611 Hep.
699 1566 791 1600 Eur.
820 1567 849 1599 I.
870 1578 910 1611 p.
942 1568 1019 1600 108.

165 1637 202 1665 γ,
230 1638 383 1667 ναηιοεα,
411 1628 535 1657 minor.

362 1685 405 1718 L.
432 1692 462 1717 et
478 1685 543 1728 Ly.
563 1686 601 1718 in
616 1684 839 1727 Lelzm.Puy.
858 1683 931 1716 III.
952 1695 991 1729 p.
1010 1686 1068 1718 20.
1096 1696 1128 1718 η.
1148 1687 1182 1718 7.
1242 1684 1358 1728 Wiyht
1371 1684 1482 1718 Herb.
1497 1697 1531 1719 n.
1551 1688 1604 1719 14.

169 1748 198 1783 δ,
224 1745 425 1788 scmfflcinea.

361 1803 550 1846 Illontayne
577 1802 638 1835 Cr.
666 1800 804 1845 R'eelylz.
840 1801 876 1834 in
902 1801 998 1835 Ami.
1033 1802 1088 1835 des
1119 1814 1163 1837 sc.
1202 1808 1274 1836 nat.
1300 1804 1334 1835 2.
1363 1801 1440 1837 Ser.
1468 1802 1603 1836 XVII.

450 1874 489 1907 p.
520 1864 575 1894 12.
602 1874 635 1894 n.
663 1863 722 1894 67.

182 1921 342 1955 Habitat
367 1934 403 1962 a,
430 1920 469 1953 in
496 1920 669 1954 Jamaiea
690 1919 884 1963 (Swartz),
913 1919 949 1954 in
978 1919 1054 1952 Ins.
1070 1918 1124 1952 St.
1139 1918 1607 1965 Christopliori(Brcutel).

88 1980 175 2015 Var.
204 1984 246 2021 β,
274 1981 310 2014 in
339 1981 486 2024 alpibus
513 1980 663 2014 Scotiae
690 1984 726 2012 et
752 1978 789 2011 in
815 1978 913 2012 Java
941 1978 1065 2012 insula
1089 1978 1273 2021 (Hooker,
1302 1980 1465 2023 Blurne).
1516 1980 1606 2014 Var.

86 2052 133 2082 γ,
175 2042 212 2074 in
241 2041 449 2074 Peninsula
477 2040 611 2073 Indiae
647 2039 778 2072 orient.
811 2039 974 2083 (Wight,
1003 2039 1079 2072 Hb.
1107 2039 1160 2072 M.
1188 2051 1223 2073 n.
1247 2042 1312 2073 192
1337 2040 1455 2073 forma
1481 2041 1607 2085 nana).

84 2101 175 2134 Var.
199 2100 229 2136 δ,
255 2100 291 2134 in
317 2100 577 2142 Neelghcrries
601 2098 818 2143 (Nilagiria)
842 2099 887 2132 ad
917 2103 1051 2132 terram
1081 2104 1116 2132 ct
1135 2099 1235 2142 ligna
1263 2099 1358 2133 inter
1381 2110 1606 2141 musoorum,

84 2159 265 2203 imprimis
300 2158 562 2205 Campylopodis
586 2158 755 2204 flexuosi,
801 2157 987 2201 caespites
1021 2157 1236 2201 (Perrottet
1270 2159 1307 2192 in
1336 2158 1411 2191 Hb.
1441 2158 1532 2202 M.);
1569 2158 1606 2191 in

85 2219 224 2253 Insulis
252 2218 571 2253 Sandvicensibus
596 2218 634 2261 (e
663 2218 737 2251 Hb.
765 2217 842 2252 Hk.
870 2217 908 2251 in
936 2217 1011 2251 Hb.
1039 2217 1110 2261 L.).

441 2316 474 2346 2.
525 2313 829 2348 Sendtnera
856 2313 1084 2347 dioran-a
1109 2313 1254 2357 Taylor.

182 2384 222 2419 S.
256 2383 351 2418 caule
371 2383 525 2429 flexuoso
545 2383 722 2429 filg'fm‘mi
744 2385 988 2430 fasciculatz'm
1023 2398 1174 2427 ramoso,
1206 2385 1312 2431 foliis
1350 2383 1499 2429 oblonqz's
1534 2383 1608 2418 basi

84 2442 485 2477 convoluto-imbricatis
518 2442 614 2477 ultra
647 2445 796 2478 medium
833 2444 969 2489 bifidis,
1012 2444 1148 2478 laciniis
1185 2452 1314 2478 erecto-
1319 2443 1522 2491 patentibus
1558 2443 1609 2477 vel

79 2502 359 2549 patulo-reflexis
383 2504 532 2536 nervosis
556 2504 634 2536 sinu
663 2502 732 2537 lato
758 2504 1006 2548 &vementibus
1031 2505 1271 2548 iveteyerrimis,
1285 2504 1416 2550 fluctu
1443 2529 1451 2538 .
1480 2531 1488 2539 .
1518 2531 1526 2540 .

279 2564 548 2605 hunger-mannia
575 2564 714 2595 dicrana
743 2563 874 2609 Taylor
898 2565 936 2597 in
959 2564 1095 2598 schedis.

187 2621 348 2656 Habitat
374 2622 410 2655 in
441 2622 623 2666 Nepalia‚
667 2622 765 2656 unde
791 2623 917 2657 retulit
942 2624 1010 2657 cel.
1037 2623 1200 2657 Wallich
1231 2626 1322 2658 1820
1355 2623 1450 2667 (Hb.
1475 2623 1610 2667 Taylor

87 2683 125 2714 et
151 2680 234 2724 G.),
261 2685 298 2715 et
322 2680 359 2714 in
386 2682 514 2715 Insula
539 2693 611 2716 van
639 2682 799 2716 Diemen
827 2683 923 2726 (Hb.
951 2683 1106 2717 Grevill.
1133 2688 1170 2717 et
1197 2684 1271 2727 G.).

187 2739 469 2774 Ramificatione
497 2752 518 2775 a
544 2742 739 2776 Sendmera
754 2743 965 2788 ιφἰινιίρενίνια
990 2743 1066 2776 iam
1093 2742 1184 2776 satis
1210 2749 1395 2787 superque
1419 2738 1606 2781 distincta,

88 2798 187 2834 foliis
220 2798 338 2841 magis
365 2800 623 2835 canaliculatis
655 2811 856 2846 eorumque
891 2812 1006 2836 nervo
1037 2802 1217 2836 validiore
1249 2802 1302 2844 (in
1330 2801 1467 2834 adultis
1493 2799 1607 2844 luteo)

88 2855 128 2891 in
164 2855 294 2890 ambas
331 2857 488 2894 lacinias
514 2866 755 2906 excurrente,
793 2861 1004 2907 areolisque
1039 2861 1248 2896 minoribus
1281 2858 1443 2895 discerni
1474 2863 1608 2903 potest.

86 2914 241 2960 (Taylor
266 2915 304 2950 in
332 2915 419 2962 litt.)
