1824 3252
735 162 1042 206 Jungermannia.
1564 164 1635 197 679

119 289 154 322 p.
188 279 267 312 112.
341 279 387 311 ’16
405 276 440 310 b.
478 276 915 322 Junyermanma
940 276 1249 311 humectata
1273 275 1421 319 Taylor.

212 337 252 371 J.
279 336 375 370 caule
401 335 475 369 laxe
500 337 681 382 caespitoso
706 342 818 369 erecto
841 347 995 377 ramow,
1009 335 1116 381 foliis
1140 333 1454 382 subadproximatis
1479 333 1635 368 tenuibus

121 395 451 441 erecto-patentibus
476 395 550 428 basi
574 394 848 440 amplexantibus
872 396 1200 429 ovato-rotundatis
1219 393 1455 439 emaryinatss,
1479 391 1636 427 dentibus

123 454 356 489 obtusiuseulis
379 453 644 488 subdivaricatis
669 454 914 498 inteqarimis,
929 455 1060 498 fiuetu
1088 481 1096 488 .
1125 480 1133 489 .
1162 480 1169 487 .

308 515 577 556 Jungermannia
613 514 806 546 humectata
845 512 946 560 Tayl.
974 514 1067 558 Hep.
1101 519 1251 547 antam-t.
1287 513 1324 545 in
1359 511 1469 545 Lond.
1503 510 1633 544 Journ.

394 573 438 618 of
456 572 522 608 bot.
551 575 654 607 1844.
678 585 713 618 p.
740 576 823 607 462.
849 586 884 606 n.
915 576 968 607 19.

215 633 258 665 In
287 632 427 665 Insulis
454 631 708 665 Falklandicis
734 633 906 674 (Hooker
926 632 1038 676 jun.)‚

216 691 384 737 Cuespz'tes
409 692 510 731 laxi,
537 691 625 731 lati,
652 692 784 725 subtus
811 691 1035 734 nigricanti-
1052 689 1165 731 fusci,
1203 699 1316 733 supra
1342 687 1480 732 pallide
1507 687 1631 721 fusco-

124 750 288 784 olivacei.
349 751 460 784 Rami
496 750 603 794 pauci
641 751 767 784 erecti.
826 751 933 784 Folia
969 751 1132 791 alterna,
1179 747 1447 788 subdistantia,
1490 746 1634 779 caulem

122 809 272 843 basibus
307 809 589 853 amplectentia,
625 809 932 852 lato-oblonga,
978 809 1110 849 bifida,
1143 808 1225 842 sinu
1263 807 1398 841 obtuso
1424 806 1470 839 ad
1503 808 1524 848 ὲ
1556 804 1635 839 solii

150 874 348 905 enetrante.

122 881 154 931 p'
214 929 323 969 Quod
361 929 405 961 ad
442 929 563 962 locum
598 929 756 963 natalem
793 926 1036 971 probabiliter
1071 925 1282 965 humidum,
1327 924 1438 958 situm
1472 926 1635 957 erectum

124 990 162 1021 et
184 988 353 1022 foliorum
380 988 534 1030 figuram
566 987 602 1020 in
630 987 845 1021 universum
872 987 1170 1031 Junyemnanm'ae
1196 985 1311 1030 Lyom'
1336 983 1440 1026 Tayl.
1477 981 1636 1026 (sociae)

122 1047 248 1080 similis
275 1052 350 1087 est,
393 1046 632 1089 distinguitur
657 1051 780 1079 autem
814 1046 934 1080 colore
956 1045 1150 1089 pallidiore
1176 1044 1409 1078 surculorum
1435 1041 1634 1083 iuniorum,

122 1106 215 1141 soliis
255 1106 522 1145 tenerioribus,
569 1106 647 1138 basi
690 1105 1022 1149 amplectentibus,
1074 1104 1216 1138 cellulis
1259 1114 1385 1137 eorum
1428 1103 1634 1137 minoribus

122 1165 275 1209 sinuque
303 1165 420 1209 apicis
446 1164 700 1209 profundiore.
750 1165 901 1207 (Taylor
926 1164 950 1197 l.
976 1165 1026 1206 c.)

121 1259 157 1291 p.
188 1249 263 1283 113.
469 1251 526 1282 79.
565 1246 1002 1293 Juoenyermamuia
1029 1246 1294 1288 alpe-stris.

217 1305 375 1340 Habitat
394 1306 431 1340 in
457 1307 548 1340 Sinu
564 1306 816 1349 Magdalenae
836 1306 917 1339 freti
936 1305 1173 1339 Bell—Sound
1188 1305 1223 1337 in
1241 1303 1476 1347 Spitzbergia
1490 1302 1633 1347 (Vahl).

120 1389 156 1422 p.
186 1381 262 1412 115.
458 1381 515 1412 83.
552 1377 988 1424 Jnmyermannia
1014 1376 1304 1409 bie-renata.

119 1435 227 1469 Adde
252 1435 423 1470 Patriae:
463 1436 657 1480 Lapponia
686 1437 824 1470 rossica
853 1435 898 1469 ad
928 1434 1067 1478 Ripina
1092 1423 1341 1478 (Kngstrom).

117 1527 153 1560 p.
184 1519 260 1551 120.
405 1522 465 1553 93.
499 1519 936 1564 Junyerimannia
960 1518 1171 1552 minuta
1197 1517 1347 1551 Crantz.

119 1577 226 1611 Adde
253 1579 401 1622 Synon:
457 1578 587 1624 Taylor
627 1579 719 1625 Hep.
754 1584 902 1612 amaret.
945 1578 982 1610 in
1022 1577 1130 1611 Lond.
1167 1577 1294 1610 Journ.
1333 1576 1378 1622 qf
1408 1575 1474 1609 bot.
1527 1578 1631 1610 1844.

252 1649 291 1683 p.
317 1641 398 1672 468.
424 1651 458 1673 η.
485 1641 542 1671 31.

210 1695 370 1729 Habitat
397 1700 433 1729 et
459 1697 494 1729 in
524 1697 655 1730 Insula
683 1696 916 1739 Kerguelens
937 1695 1042 1729 Laud
1073 1694 1246 1737 (Hooker
1266 1694 1391 1738 jun.)‚
1419 1693 1456 1726 in
1483 1693 1630 1727 Groen-

117 1754 240 1788 landia
268 1755 363 1797 (Hb.
392 1755 529 1799 Vahl),
557 1756 654 1799 apud
683 1756 838 1798 Langila
866 1756 901 1788 in
930 1755 1079 1789 Carelia
1107 1753 1271 1788 Fennica
1301 1741 1558 1796 (Kngstrom),
1594 1751 1632 1785 in

117 1815 351 1858 Spitzbergia
378 1816 476 1859 apud
506 1816 742 1849 Bell-Sound
772 1815 917 1858 (Vabl).

114 1896 149 1929 p.
180 1889 258 1920 120.
320 1890 367 1921 93
383 1887 418 1920 b.
445 1887 881 1931 ,remmon-mannia
905 1886 1165 1919 intricata
1191 1884 1312 1926 Ldbg.
1330 1887 1366 1918 et
1383 1882 1573 1916 Gottsche.

205 1945 245 1978 J.
272 1946 367 1979 caule
391 1953 527 1991 repente
539 1946 712 1992 fleoeuoso,
727 1944 834 1989 foliis
858 1943 1225 1990 complicato—concavis
1248 1940 1633 1989 semiamplexicaulibus

105 2006 303 2050 pectinato-
310 2005 444 2051 patulis
476 2005 792 2051 orato-quadratis
816 2005 910 2050 apice
936 2010 1090 2037 exsecto·
1105 2003 1224 2038 bilobz's
1247 2003 1372 2047 anyulo
1397 2007 1515 2042 acuto,
1548 1999 1632 2033 lobis

112 2064 368 2109 subaequalibus
392 2064 717 2104 ovato-Iunceolatis‚
733 2064 839 2109 foliis
857 2062 1025 2097 involucri
1048 2062 1166 2096 bilobis
1184 2061 1373 2096 maioribus
1388 2059 1629 2106 conformibus,

108 2124 302 2168 periantlzz'o
327 2124 511 2170 eylindrico
534 2137 591 2157 ore
609 2123 754 2170 plicato.

303 2183 469 2215 Liebman
496 2183 574 2216 Iter
600 2183 775 2216 Meaeican.
801 2181 922 2215 ineclit.

208 2241 367 2275 Habitat
392 2252 508 2284 prope
533 2241 707 2275 Yavesea
732 2241 770 2274 in
797 2251 911 2283 regno
940 2239 1144 2275 Mexicano
1169 2236 1397 2281 (Liebman).

114 2322 150 2355 p.
180 2314 257 2346 122.
371 2315 420 2346 94
437 2312 472 2344 b.
513 2312 948 2356 Junyermmmm
973 2311 1169 2345 scitula
1194 2309 1341 2352 Taylor.

206 2372 243 2405 J.
268 2371 365 2405 caule
389 2370 533 2416 implexo
555 2377 731 2416 prostrato
755 2369 984 2415 subsimplici‚
1007 2368 1113 2414 foliis
1136 2365 1415 2402 subverticalibus
1439 2365 1628 2400 imbricatis

111 2431 441 2478 erecto-patentibus
464 2431 617 2464 concavis
640 2428 965 2463 rotundo-obovatz's
989 2429 1084 2473 apice
1109 2428 1239 2471 itt-fidis
1271 2426 1463 2471 (seymenlo
1477 2424 1628 2459 ventrali

112 2491 259 2537 maiori)
289 2492 543 2536 {meyer-rimis,
580 2492 723 2535 yemmis
756 2488 931 2535 foliorum
963 2494 1135 2533 seymenta
1172 2486 1437 2521 terminantibus
1467 2486 1626 2520 minutis-

111 2549 206 2584 simis
229 2551 357 2585 rubris.

300 2611 565 2652 Jungermannia
601 2610 720 2640 scitula
754 2606 856 2653 Tayl.
885 2607 973 2640 Nov.
1002 2607 1096 2653 Hep.
1122 2607 1160 2639 in
1188 2605 1299 2640 Lond.
1327 2605 1454 2638 Journ.
1489 2603 1533 2648 ⁰f
1558 2601 1623 2636 bot.

389 2671 491 2703 1846.
514 2680 550 2713 p.
578 2670 660 2702 274.
684 2680 720 2700 n.
746 2670 780 2701 5.

205 2726 366 2761 Habitat
389 2726 426 2761 in
452 2727 622 2761 America
649 2725 927 2769 septentrionali
955 2723 1204 2769 (Drummond
1230 2723 1268 2757 in
1297 2722 1373 2755 Hb.
1399 2721 1504 2766 Hk.).

205 2786 400 2829 caespites
426 2787 550 2827 magni
578 2786 642 2820 sed
676 2790 818 2820 tenues.
877 2785 1015 2819 Caules
1049 2783 1255 2818 numerosis
1289 2780 1465 2815 radiculis
1498 2778 1622 2820 obsiti,

107 2845 296 2887 prostrati,
321 2845 428 2888 apice
455 2846 737 2881 adscendentes.
782 2845 889 2879 Folia
913 2844 1067 2888 pallida,
1096 2843 1200 2876 sinus
1228 2853 1299 2875 non
1321 2839 1506 2885 profundi,
1534 2850 1619 2882 seg-

110 2907 234 2938 menta
260 2909 371 2939 ovata
399 2909 522 2945 acuta,
549 2906 622 2940 duo
649 2905 811 2940 dorsalia
839 2904 993 2938 minora.
1043 2902 1315 2949 Amphiyastria
1341 2900 1456 2934 nulla.
