<?xml version="1.0" encoding="UTF-8"?>
<!DOCTYPE html PUBLIC "-//W3C//DTD XHTML 1.0 Transitional//EN"
    "http://www.w3.org/TR/xhtml1/DTD/xhtml1-transitional.dtd">
<html xmlns="http://www.w3.org/1999/xhtml" xml:lang="en" lang="en">
 <head>
  <title>
</title>
<meta http-equiv="Content-Type" content="text/html;charset=utf-8" />
  <meta name='ocr-system' content='tesseract 3.04.00' />
  <meta name='ocr-capabilities' content='ocr_page ocr_carea ocr_par ocr_line ocrx_word'/>
</head>
<body>
  <div class='ocr_page' id='page_1' title='image "./synopsishepatica00gott_0410.png"; bbox 0 0 1824 3252; ppageno 0'>
   <div class='ocr_carea' id='block_1_1' title="bbox 94 169 968 214">
    <p class='ocr_par' dir='ltr' id='par_1_1' title="bbox 94 169 968 214">
     <span class='ocr_line' id='line_1_1' title="bbox 94 169 968 214; baseline -0.006 -7"><span class='ocrx_word' id='word_1_1' title='bbox 94 173 179 207; x_wconf 50' lang='lat'>376*</span> <span class='ocrx_word' id='word_1_2' title='bbox 773 169 968 214; x_wconf 87' lang='lat' dir='ltr'>Lejeunia.</span> 
     </span>
    </p>
   </div>
   <div class='ocr_carea' id='block_1_2' title="bbox 95 282 1627 507">
    <p class='ocr_par' dir='ltr' id='par_1_2' title="bbox 95 282 1627 507">
     <span class='ocr_line' id='line_1_2' title="bbox 367 282 1355 329; baseline 0.003 -12"><span class='ocrx_word' id='word_1_3' title='bbox 367 285 446 317; x_wconf 82' lang='lat'><strong>162.</strong></span> <span class='ocrx_word' id='word_1_4' title='bbox 494 282 755 328; x_wconf 75' lang='lat' dir='ltr'>LeJ‘eania</span> <span class='ocrx_word' id='word_1_5' title='bbox 780 283 1181 326; x_wconf 59' lang='lat' dir='ltr'>impleam-&amp;caulis</span> <span class='ocrx_word' id='word_1_6' title='bbox 1205 284 1355 329; x_wconf 86' lang='lat' dir='ltr'>Taylor.</span> 
     </span>
     <span class='ocr_line' id='line_1_3' title="bbox 192 340 1627 392; baseline 0.003 -17"><span class='ocrx_word' id='word_1_7' title='bbox 192 340 235 375; x_wconf 90' lang='lat' dir='ltr'>L.</span> <span class='ocrx_word' id='word_1_8' title='bbox 261 341 358 376; x_wconf 80' lang='lat' dir='ltr'>caule</span> <span class='ocrx_word' id='word_1_9' title='bbox 383 343 568 388; x_wconf 74' lang='lat' dir='ltr'>caespitoso</span> <span class='ocrx_word' id='word_1_10' title='bbox 593 348 699 375; x_wconf 76' lang='lat' dir='ltr'>erecto</span> <span class='ocrx_word' id='word_1_11' title='bbox 723 354 876 383; x_wconf 68' lang='lat' dir='ltr'>ramam,</span> <span class='ocrx_word' id='word_1_12' title='bbox 891 341 999 387; x_wconf 79' lang='lat' dir='ltr'>foliis</span> <span class='ocrx_word' id='word_1_13' title='bbox 1022 341 1276 379; x_wconf 77' lang='lat' dir='ltr'>subz‘mbricatis</span> <span class='ocrx_word' id='word_1_14' title='bbox 1301 343 1627 392; x_wconf 76' lang='lat' dir='ltr'>erecto—patentibus</span> 
     </span>
     <span class='ocr_line' id='line_1_4' title="bbox 95 400 1626 450; baseline 0.004 -16"><span class='ocrx_word' id='word_1_15' title='bbox 95 401 204 436; x_wconf 78' lang='lat' dir='ltr'>ovatis</span> <span class='ocrx_word' id='word_1_16' title='bbox 227 400 355 436; x_wconf 75' lang='lat' dir='ltr'>obtusis</span> <span class='ocrx_word' id='word_1_17' title='bbox 378 403 530 435; x_wconf 72' lang='lat' dir='ltr'>concavis</span> <span class='ocrx_word' id='word_1_18' title='bbox 556 401 652 446; x_wconf 80' lang='lat' dir='ltr'>apice</span> <span class='ocrx_word' id='word_1_19' title='bbox 677 402 842 441; x_wconf 72' lang='lat' dir='ltr'>incurris,</span> <span class='ocrx_word' id='word_1_20' title='bbox 869 401 991 436; x_wconf 80' lang='lat' dir='ltr'>lohulis</span> <span class='ocrx_word' id='word_1_21' title='bbox 1014 409 1157 447; x_wconf 74' lang='lat' dir='ltr'>anyuste</span> <span class='ocrx_word' id='word_1_22' title='bbox 1180 404 1289 438; x_wconf 79' lang='lat' dir='ltr'>ovatis</span> <span class='ocrx_word' id='word_1_23' title='bbox 1312 404 1449 450; x_wconf 57' lang='grc' dir='ltr'>ὺψῖθειᾰε</span> <span class='ocrx_word' id='word_1_24' title='bbox 1473 405 1626 445; x_wconf 60' lang='lat' dir='ltr'>turmalis,</span> 
     </span>
     <span class='ocr_line' id='line_1_5' title="bbox 95 458 1155 507; baseline 0.003 -14"><span class='ocrx_word' id='word_1_25' title='bbox 95 460 356 507; x_wconf 76' lang='lat' dir='ltr'>amphiyastriis</span> <span class='ocrx_word' id='word_1_26' title='bbox 380 461 575 494; x_wconf 76' lang='lat' dir='ltr'><em>rotundatis</em></span> <span class='ocrx_word' id='word_1_27' title='bbox 600 459 695 493; x_wconf 75' lang='lat' dir='ltr'>caule</span> <span class='ocrx_word' id='word_1_28' title='bbox 722 458 906 494; x_wconf 75' lang='lat' dir='ltr'>latioribus</span> <span class='ocrx_word' id='word_1_29' title='bbox 931 461 1027 507; x_wconf 73' lang='lat' dir='ltr'>apice</span> <span class='ocrx_word' id='word_1_30' title='bbox 1037 461 1155 505; x_wconf 72' lang='lat' dir='ltr'>fissis·</span> 
     </span>
    </p>
   </div>
   <div class='ocr_carea' id='block_1_3' title="bbox 286 519 1628 567">
    <p class='ocr_par' dir='ltr' id='par_1_3' title="bbox 286 519 1628 567">
     <span class='ocr_line' id='line_1_6' title="bbox 286 519 1628 567; baseline 0.002 -15"><span class='ocrx_word' id='word_1_31' title='bbox 286 520 558 561; x_wconf 80' lang='lat' dir='ltr'>Jungermannia</span> <span class='ocrx_word' id='word_1_32' title='bbox 593 519 785 561; x_wconf 76' lang='lat' dir='ltr'>(Lejeunia)</span> <span class='ocrx_word' id='word_1_33' title='bbox 819 522 1069 564; x_wconf 77' lang='lat' dir='ltr'>implexicaulis</span> <span class='ocrx_word' id='word_1_34' title='bbox 1111 520 1243 567; x_wconf 73' lang='lat' dir='ltr'>Taylor</span> <span class='ocrx_word' id='word_1_35' title='bbox 1277 520 1369 567; x_wconf 79' lang='lat' dir='ltr'>Hep.</span> <span class='ocrx_word' id='word_1_36' title='bbox 1404 527 1558 555; x_wconf 71' lang='lat' dir='ltr'>arctaret.</span> <span class='ocrx_word' id='word_1_37' title='bbox 1591 522 1628 556; x_wconf 75' lang='lat' dir='ltr'>in</span> 
     </span>
    </p>
   </div>
   <div class='ocr_carea' id='block_1_4' title="bbox 373 566 1627 660">
    <p class='ocr_par' dir='ltr' id='par_1_4' title="bbox 373 566 1627 660">
     <span class='ocr_line' id='line_1_7' title="bbox 375 566 1627 615; baseline 0.002 -15"><span class='ocrx_word' id='word_1_38' title='bbox 375 567 484 600; x_wconf 74' lang='lat' dir='ltr'>Loml.</span> <span class='ocrx_word' id='word_1_39' title='bbox 519 566 646 600; x_wconf 72' lang='grc' dir='ltr'>ιῙοῑινη.</span> <span class='ocrx_word' id='word_1_40' title='bbox 683 566 815 611; x_wconf 74' lang='lat' dir='ltr'>quot.</span> <span class='ocrx_word' id='word_1_41' title='bbox 861 571 962 603; x_wconf 72' lang='lat'>1844.</span> <span class='ocrx_word' id='word_1_42' title='bbox 995 581 1032 614; x_wconf 84' lang='lat' dir='ltr'>p.</span> <span class='ocrx_word' id='word_1_43' title='bbox 1061 571 1146 604; x_wconf 88' lang='grc'><strong>397.</strong></span> <span class='ocrx_word' id='word_1_44' title='bbox 1184 582 1220 604; x_wconf 78' lang='lat' dir='ltr'>n.</span> <span class='ocrx_word' id='word_1_45' title='bbox 1246 571 1306 604; x_wconf 89' lang='grc'>63.</span> <span class='ocrx_word' id='word_1_46' title='bbox 1359 568 1472 603; x_wconf 80' lang='lat' dir='ltr'>Hook.</span> <span class='ocrx_word' id='word_1_47' title='bbox 1506 568 1627 615; x_wconf 73' lang='lat' dir='ltr'>Crypt.</span> 
     </span>
     <span class='ocr_line' id='line_1_8' title="bbox 373 617 826 660; baseline 0.002 -12"><span class='ocrx_word' id='word_1_48' title='bbox 373 621 524 648; x_wconf 75' lang='lat' dir='ltr'>amaret.</span> <span class='ocrx_word' id='word_1_49' title='bbox 552 626 591 660; x_wconf 80' lang='lat' dir='ltr'>p.</span> <span class='ocrx_word' id='word_1_50' title='bbox 618 617 677 648; x_wconf 79' lang='lat'>53.</span> <span class='ocrx_word' id='word_1_51' title='bbox 704 627 739 649; x_wconf 74' lang='grc' dir='ltr'>η.</span> <span class='ocrx_word' id='word_1_52' title='bbox 767 618 826 649; x_wconf 81' lang='grc'>72.</span> 
     </span>
    </p>
   </div>
   <div class='ocr_carea' id='block_1_5' title="bbox 52 671 1631 1256">
    <p class='ocr_par' dir='ltr' id='par_1_5' title="bbox 193 671 1515 719">
     <span class='ocr_line' id='line_1_9' title="bbox 193 671 1515 719; baseline 0.002 -13"><span class='ocrx_word' id='word_1_53' title='bbox 193 671 355 706; x_wconf 83' lang='lat' dir='ltr'>Habitat</span> <span class='ocrx_word' id='word_1_54' title='bbox 381 674 418 707; x_wconf 89' lang='lat' dir='ltr'>in</span> <span class='ocrx_word' id='word_1_55' title='bbox 447 673 676 717; x_wconf 88' lang='lat' dir='ltr'>Campbell&#39;s</span> <span class='ocrx_word' id='word_1_56' title='bbox 704 674 846 713; x_wconf 77' lang='lat' dir='ltr'>island,</span> <span class='ocrx_word' id='word_1_57' title='bbox 874 675 977 709; x_wconf 90' lang='lat' dir='ltr'>unde</span> <span class='ocrx_word' id='word_1_58' title='bbox 1005 675 1130 709; x_wconf 87' lang='lat' dir='ltr'>retulit</span> <span class='ocrx_word' id='word_1_59' title='bbox 1160 674 1228 709; x_wconf 89' lang='lat' dir='ltr'>Dr.</span> <span class='ocrx_word' id='word_1_60' title='bbox 1258 674 1412 709; x_wconf 87' lang='lat' dir='ltr'>Hooker</span> <span class='ocrx_word' id='word_1_61' title='bbox 1433 675 1515 719; x_wconf 91' lang='lat' dir='ltr'>jun.</span> 
     </span>
    </p>

    <p class='ocr_par' dir='ltr' id='par_1_6' title="bbox 95 731 1631 1013">
     <span class='ocr_line' id='line_1_10' title="bbox 192 731 1631 776; baseline 0.002 -10"><span class='ocrx_word' id='word_1_62' title='bbox 192 731 392 775; x_wconf 89' lang='lat' dir='ltr'>Caespites</span> <span class='ocrx_word' id='word_1_63' title='bbox 418 732 495 767; x_wconf 89' lang='lat' dir='ltr'>fere</span> <span class='ocrx_word' id='word_1_64' title='bbox 521 732 693 776; x_wconf 80' lang='lat' dir='ltr'>pollicem</span> <span class='ocrx_word' id='word_1_65' title='bbox 723 734 808 774; x_wconf 84' lang='lat' dir='ltr'>alti,</span> <span class='ocrx_word' id='word_1_66' title='bbox 842 733 1166 769; x_wconf 81' lang='lat' dir='ltr'>fusco-olivacei.</span> <span class='ocrx_word' id='word_1_67' title='bbox 1226 734 1365 769; x_wconf 89' lang='lat' dir='ltr'>Caules</span> <span class='ocrx_word' id='word_1_68' title='bbox 1390 733 1494 770; x_wconf 86' lang='lat' dir='ltr'>vario</span> <span class='ocrx_word' id='word_1_69' title='bbox 1521 733 1631 770; x_wconf 91' lang='lat' dir='ltr'>modo</span> 
     </span>
     <span class='ocr_line' id='line_1_11' title="bbox 95 792 1630 838; baseline 0.002 -13"><span class='ocrx_word' id='word_1_70' title='bbox 95 792 246 833; x_wconf 84' lang='lat' dir='ltr'>ramosi,</span> <span class='ocrx_word' id='word_1_71' title='bbox 275 792 387 827; x_wconf 87' lang='lat' dir='ltr'>ramis</span> <span class='ocrx_word' id='word_1_72' title='bbox 415 792 562 828; x_wconf 83' lang='lat' dir='ltr'>erectis.</span> <span class='ocrx_word' id='word_1_73' title='bbox 614 794 718 829; x_wconf 86' lang='lat' dir='ltr'>Folia</span> <span class='ocrx_word' id='word_1_74' title='bbox 749 794 858 829; x_wconf 85' lang='lat' dir='ltr'>valde</span> <span class='ocrx_word' id='word_1_75' title='bbox 884 805 1070 836; x_wconf 85' lang='lat' dir='ltr'>concava,</span> <span class='ocrx_word' id='word_1_76' title='bbox 1099 794 1200 828; x_wconf 90' lang='lat' dir='ltr'>unde</span> <span class='ocrx_word' id='word_1_77' title='bbox 1225 793 1431 828; x_wconf 87' lang='lat' dir='ltr'>nodulosus</span> <span class='ocrx_word' id='word_1_78' title='bbox 1458 793 1630 838; x_wconf 80' lang='lat' dir='ltr'><strong>stirpium</strong></span> 
     </span>
     <span class='ocr_line' id='line_1_12' title="bbox 96 850 1630 898; baseline 0.003 -14"><span class='ocrx_word' id='word_1_79' title='bbox 96 850 321 894; x_wconf 83' lang='lat' dir='ltr'>adspectus,</span> <span class='ocrx_word' id='word_1_80' title='bbox 361 853 488 896; x_wconf 89' lang='lat' dir='ltr'>paullo</span> <span class='ocrx_word' id='word_1_81' title='bbox 525 854 782 894; x_wconf 82' lang='lat' dir='ltr'>decurrentia,</span> <span class='ocrx_word' id='word_1_82' title='bbox 823 855 949 889; x_wconf 90' lang='lat' dir='ltr'>lobulo</span> <span class='ocrx_word' id='word_1_83' title='bbox 986 854 1165 889; x_wconf 84' lang='lat' dir='ltr'>involuto.</span> <span class='ocrx_word' id='word_1_84' title='bbox 1235 853 1515 898; x_wconf 86' lang='lat' dir='ltr'>Amphigastria</span> <span class='ocrx_word' id='word_1_85' title='bbox 1553 854 1630 889; x_wconf 87' lang='lat' dir='ltr'>fere</span> 
     </span>
     <span class='ocr_line' id='line_1_13' title="bbox 96 910 1631 959; baseline 0.002 -15"><span class='ocrx_word' id='word_1_86' title='bbox 96 910 315 954; x_wconf 89' lang='lat' dir='ltr'>circularia,</span> <span class='ocrx_word' id='word_1_87' title='bbox 360 923 475 957; x_wconf 84' lang='lat' dir='ltr'><strong>saepe</strong></span> <span class='ocrx_word' id='word_1_88' title='bbox 512 914 558 948; x_wconf 89' lang='lat' dir='ltr'>ad</span> <span class='ocrx_word' id='word_1_89' title='bbox 597 914 760 958; x_wconf 87' lang='lat' dir='ltr'>speciem</span> <span class='ocrx_word' id='word_1_90' title='bbox 796 913 958 948; x_wconf 85' lang='lat' dir='ltr'>indivisa</span> <span class='ocrx_word' id='word_1_91' title='bbox 994 915 1060 948; x_wconf 87' lang='lat' dir='ltr'>sed</span> <span class='ocrx_word' id='word_1_92' title='bbox 1096 913 1289 959; x_wconf 84' lang='lat' dir='ltr'>pressione</span> <span class='ocrx_word' id='word_1_93' title='bbox 1327 917 1484 957; x_wconf 87' lang='lat' dir='ltr'>anguste</span> <span class='ocrx_word' id='word_1_94' title='bbox 1517 912 1631 947; x_wconf 81' lang='lat' dir='ltr'>bifida</span> 
     </span>
     <span class='ocr_line' id='line_1_14' title="bbox 97 975 294 1013; baseline 0.01 -10"><span class='ocrx_word' id='word_1_95' title='bbox 97 975 294 1013; x_wconf 81' lang='lat' dir='ltr'>apparent.</span> 
     </span>
    </p>

    <p class='ocr_par' dir='ltr' id='par_1_7' title="bbox 52 1029 1630 1256">
     <span class='ocr_line' id='line_1_15' title="bbox 194 1029 1629 1080; baseline 0.002 -17"><span class='ocrx_word' id='word_1_96' title='bbox 194 1029 375 1066; x_wconf 85' lang='lat' dir='ltr'>Proxima</span> <span class='ocrx_word' id='word_1_97' title='bbox 410 1032 502 1067; x_wconf 84' lang='lat' dir='ltr'>haec</span> <span class='ocrx_word' id='word_1_98' title='bbox 528 1033 675 1068; x_wconf 84' lang='lat' dir='ltr'>accedit</span> <span class='ocrx_word' id='word_1_99' title='bbox 710 1035 756 1067; x_wconf 86' lang='lat' dir='ltr'>ad</span> <span class='ocrx_word' id='word_1_100' title='bbox 787 1033 864 1080; x_wconf 51' lang='grc' dir='ltr'>[θ’.</span> <span class='ocrx_word' id='word_1_101' title='bbox 889 1032 1174 1080; x_wconf 75' lang='lat' dir='ltr'>serpyllzfoliam,</span> <span class='ocrx_word' id='word_1_102' title='bbox 1213 1044 1311 1078; x_wconf 83' lang='lat' dir='ltr'>quae</span> <span class='ocrx_word' id='word_1_103' title='bbox 1345 1036 1471 1067; x_wconf 88' lang='lat' dir='ltr'>tamen</span> <span class='ocrx_word' id='word_1_104' title='bbox 1507 1032 1629 1067; x_wconf 91' lang='lat' dir='ltr'>colore</span> 
     </span>
     <span class='ocr_line' id='line_1_16' title="bbox 96 1088 1626 1138; baseline 0.003 -16"><span class='ocrx_word' id='word_1_105' title='bbox 96 1088 332 1133; x_wconf 86' lang='lat' dir='ltr'>obscuriore,</span> <span class='ocrx_word' id='word_1_106' title='bbox 361 1092 459 1126; x_wconf 85' lang='lat' dir='ltr'>soliis</span> <span class='ocrx_word' id='word_1_107' title='bbox 485 1093 771 1128; x_wconf 86' lang='lat' dir='ltr'>eoncavioribus</span> <span class='ocrx_word' id='word_1_108' title='bbox 798 1099 835 1128; x_wconf 88' lang='lat' dir='ltr'>et</span> <span class='ocrx_word' id='word_1_109' title='bbox 860 1094 1104 1128; x_wconf 85' lang='lat' dir='ltr'>erectioribus</span> <span class='ocrx_word' id='word_1_110' title='bbox 1131 1093 1332 1138; x_wconf 85' lang='lat' dir='ltr'>paulloque</span> <span class='ocrx_word' id='word_1_111' title='bbox 1360 1091 1501 1133; x_wconf 87' lang='lat' dir='ltr'>acutis,</span> <span class='ocrx_word' id='word_1_112' title='bbox 1538 1091 1626 1126; x_wconf 84' lang='lat' dir='ltr'>reti-</span> 
     </span>
     <span class='ocr_line' id='line_1_17' title="bbox 52 1147 1630 1198; baseline 0.003 -17"><span class='ocrx_word' id='word_1_113' title='bbox 52 1147 56 1150; x_wconf 77' lang='grc'><strong><em>’</em></strong></span> <span class='ocrx_word' id='word_1_114' title='bbox 96 1148 285 1184; x_wconf 82' lang='lat' dir='ltr'>culatione</span> <span class='ocrx_word' id='word_1_115' title='bbox 319 1151 461 1187; x_wconf 86' lang='lat' dir='ltr'>minore</span> <span class='ocrx_word' id='word_1_116' title='bbox 496 1158 534 1187; x_wconf 87' lang='lat' dir='ltr'>et</span> <span class='ocrx_word' id='word_1_117' title='bbox 565 1154 759 1195; x_wconf 85' lang='lat' dir='ltr'>densiore,</span> <span class='ocrx_word' id='word_1_118' title='bbox 811 1153 971 1198; x_wconf 90' lang='lat' dir='ltr'>denique</span> <span class='ocrx_word' id='word_1_119' title='bbox 1005 1153 1285 1197; x_wconf 86' lang='lat' dir='ltr'>amphigastriis</span> <span class='ocrx_word' id='word_1_120' title='bbox 1323 1151 1446 1186; x_wconf 88' lang='lat' dir='ltr'>bifidis</span> <span class='ocrx_word' id='word_1_121' title='bbox 1483 1152 1630 1187; x_wconf 88' lang='lat' dir='ltr'>laciniis</span> 
     </span>
     <span class='ocr_line' id='line_1_18' title="bbox 97 1207 660 1256; baseline 0.009 -14"><span class='ocrx_word' id='word_1_122' title='bbox 97 1207 378 1253; x_wconf 86' lang='lat' dir='ltr'>divergentibus</span> <span class='ocrx_word' id='word_1_123' title='bbox 405 1212 660 1256; x_wconf 83' lang='lat' dir='ltr'>distinguitur.</span> 
     </span>
    </p>
   </div>
   <div class='ocr_carea' id='block_1_6' title="bbox 96 1283 1633 1688">
    <p class='ocr_par' dir='ltr' id='par_1_8' title="bbox 439 1283 1294 1330">
     <span class='ocr_line' id='line_1_19' title="bbox 439 1283 1294 1330; baseline 0.001 -14"><span class='ocrx_word' id='word_1_124' title='bbox 439 1285 518 1318; x_wconf 88' lang='lat'>163.</span> <span class='ocrx_word' id='word_1_125' title='bbox 570 1285 831 1330; x_wconf 67' lang='lat' dir='ltr'>Dejeimu‘a</span> <span class='ocrx_word' id='word_1_126' title='bbox 858 1286 1016 1320; x_wconf 79' lang='lat' dir='ltr'>ovata</span> <span class='ocrx_word' id='word_1_127' title='bbox 1041 1284 1190 1328; x_wconf 81' lang='lat' dir='ltr'>Taylor.</span> <span class='ocrx_word' id='word_1_128' title='bbox 1218 1283 1294 1318; x_wconf 83' lang='lat' dir='ltr'>Ms.</span> 
     </span>
    </p>

    <p class='ocr_par' dir='ltr' id='par_1_9' title="bbox 96 1340 1633 1688">
     <span class='ocr_line' id='line_1_20' title="bbox 194 1340 1633 1391; baseline 0.003 -18"><span class='ocrx_word' id='word_1_129' title='bbox 194 1340 238 1374; x_wconf 92' lang='lat' dir='ltr'>L.</span> <span class='ocrx_word' id='word_1_130' title='bbox 264 1341 361 1375; x_wconf 81' lang='lat' dir='ltr'>caule</span> <span class='ocrx_word' id='word_1_131' title='bbox 384 1350 521 1389; x_wconf 69' lang='lat' dir='ltr'>repente</span> <span class='ocrx_word' id='word_1_132' title='bbox 555 1356 709 1386; x_wconf 73' lang='lat' dir='ltr'>rmnoso,</span> <span class='ocrx_word' id='word_1_133' title='bbox 734 1345 841 1391; x_wconf 79' lang='lat' dir='ltr'>foliis</span> <span class='ocrx_word' id='word_1_134' title='bbox 873 1343 1095 1379; x_wconf 66' lang='lat' dir='ltr'>verticalibus</span> <span class='ocrx_word' id='word_1_135' title='bbox 1128 1342 1324 1377; x_wconf 73' lang='lat' dir='ltr'>imbricatis</span> <span class='ocrx_word' id='word_1_136' title='bbox 1356 1341 1489 1388; x_wconf 79' lang='lat' dir='ltr'>oblique</span> <span class='ocrx_word' id='word_1_137' title='bbox 1523 1343 1633 1378; x_wconf 74' lang='lat' dir='ltr'>ocutis</span> 
     </span>
     <span class='ocr_line' id='line_1_21' title="bbox 96 1399 1633 1449; baseline 0.003 -17"><span class='ocrx_word' id='word_1_138' title='bbox 96 1399 207 1434; x_wconf 81' lang='lat' dir='ltr'>acutis</span> <span class='ocrx_word' id='word_1_139' title='bbox 231 1408 264 1434; x_wconf 81' lang='lat' dir='ltr'>et</span> <span class='ocrx_word' id='word_1_140' title='bbox 290 1401 352 1445; x_wconf 78' lang='lat' dir='ltr'>(in</span> <span class='ocrx_word' id='word_1_141' title='bbox 378 1403 548 1449; x_wconf 73' lang='lat' dir='ltr'>ramulis)</span> <span class='ocrx_word' id='word_1_142' title='bbox 582 1403 680 1449; x_wconf 68' lang='lat' dir='ltr'>Iooeeye</span> <span class='ocrx_word' id='word_1_143' title='bbox 712 1404 920 1438; x_wconf 76' lang='lat' dir='ltr'>acuminatis</span> <span class='ocrx_word' id='word_1_144' title='bbox 952 1403 1187 1448; x_wconf 71' lang='lat' dir='ltr'>itzteyerrinzis</span> <span class='ocrx_word' id='word_1_145' title='bbox 1218 1401 1535 1437; x_wconf 77' lang='lat' dir='ltr'>subascendentibus</span> <span class='ocrx_word' id='word_1_146' title='bbox 1559 1402 1633 1437; x_wconf 77' lang='lat' dir='ltr'>basi</span> 
     </span>
     <span class='ocr_line' id='line_1_22' title="bbox 96 1459 1633 1510; baseline 0.003 -18"><span class='ocrx_word' id='word_1_147' title='bbox 96 1459 319 1505; x_wconf 72' lang='lat' dir='ltr'>complicatis,</span> <span class='ocrx_word' id='word_1_148' title='bbox 347 1461 458 1496; x_wconf 76' lang='lat' dir='ltr'>lobnlo</span> <span class='ocrx_word' id='word_1_149' title='bbox 483 1475 607 1507; x_wconf 68' lang='lat' dir='ltr'>viaque</span> <span class='ocrx_word' id='word_1_150' title='bbox 631 1470 762 1497; x_wconf 80' lang='lat' dir='ltr'>saccato</span> <span class='ocrx_word' id='word_1_151' title='bbox 788 1464 910 1510; x_wconf 63' lang='lat' dir='ltr'>i&#39;fiaffl</span> <span class='ocrx_word' id='word_1_152' title='bbox 931 1476 1027 1509; x_wconf 78' lang='lat' dir='ltr'>saepe</span> <span class='ocrx_word' id='word_1_153' title='bbox 1051 1463 1087 1496; x_wconf 82' lang='lat' dir='ltr'>in</span> <span class='ocrx_word' id='word_1_154' title='bbox 1115 1463 1305 1507; x_wconf 72' lang='lat' dir='ltr'>maryinem</span> <span class='ocrx_word' id='word_1_155' title='bbox 1319 1460 1412 1507; x_wconf 81' lang='lat' dir='ltr'>folii</span> <span class='ocrx_word' id='word_1_156' title='bbox 1438 1469 1633 1496; x_wconf 76' lang='lat' dir='ltr'>transeunte</span> 
     </span>
     <span class='ocr_line' id='line_1_23' title="bbox 96 1518 1633 1568; baseline 0.003 -17"><span class='ocrx_word' id='word_1_157' title='bbox 96 1518 361 1565; x_wconf 71' lang='lat' dir='ltr'>ampliiyastrz&#39;is</span> <span class='ocrx_word' id='word_1_158' title='bbox 389 1524 511 1568; x_wconf 74' lang='lat' dir='ltr'>parcis</span> <span class='ocrx_word' id='word_1_159' title='bbox 541 1523 749 1557; x_wconf 76' lang='lat' dir='ltr'>distantibus</span> <span class='ocrx_word' id='word_1_160' title='bbox 782 1522 1140 1557; x_wconf 76' lang='lat' dir='ltr'>obovato-obcuneatis</span> <span class='ocrx_word' id='word_1_161' title='bbox 1165 1521 1523 1566; x_wconf 62' lang='lat' dir='ltr'>emm-qinato-bgfidis</span> <span class='ocrx_word' id='word_1_162' title='bbox 1552 1522 1633 1556; x_wconf 75' lang='lat' dir='ltr'>sinu</span> 
     </span>
     <span class='ocr_line' id='line_1_24' title="bbox 97 1576 1633 1629; baseline 0.001 -18"><span class='ocrx_word' id='word_1_163' title='bbox 97 1576 299 1625; x_wconf 80' lang='lat' dir='ltr'>laciniisque</span> <span class='ocrx_word' id='word_1_164' title='bbox 315 1580 444 1616; x_wconf 72' lang='lat' dir='ltr'>obtusis</span> <span class='ocrx_word' id='word_1_165' title='bbox 456 1609 463 1623; x_wconf 94' lang='lat'>,</span> <span class='ocrx_word' id='word_1_166' title='bbox 486 1582 687 1629; x_wconf 66' lang='lat' dir='ltr'>pei-ianthio</span> <span class='ocrx_word' id='word_1_167' title='bbox 709 1584 745 1616; x_wconf 80' lang='lat' dir='ltr'>in</span> <span class='ocrx_word' id='word_1_168' title='bbox 764 1583 901 1617; x_wconf 77' lang='lat' dir='ltr'>ramulo</span> <span class='ocrx_word' id='word_1_169' title='bbox 922 1582 1062 1617; x_wconf 81' lang='lat' dir='ltr'>laterali</span> <span class='ocrx_word' id='word_1_170' title='bbox 1073 1581 1289 1616; x_wconf 79' lang='lat' dir='ltr'>terminalive</span> <span class='ocrx_word' id='word_1_171' title='bbox 1304 1580 1446 1615; x_wconf 64' lang='lat' dir='ltr'>obet-ato</span> <span class='ocrx_word' id='word_1_172' title='bbox 1461 1578 1633 1614; x_wconf 67' lang='lat' dir='ltr'>clavatove</span> 
     </span>
     <span class='ocr_line' id='line_1_25' title="bbox 97 1638 754 1688; baseline 0.009 -18"><span class='ocrx_word' id='word_1_173' title='bbox 97 1638 144 1671; x_wconf 81' lang='lat' dir='ltr'>ad</span> <span class='ocrx_word' id='word_1_174' title='bbox 166 1639 295 1685; x_wconf 84' lang='lat' dir='ltr'>apicem</span> <span class='ocrx_word' id='word_1_175' title='bbox 320 1648 418 1675; x_wconf 77' lang='lat' dir='ltr'>acute</span> <span class='ocrx_word' id='word_1_176' title='bbox 443 1642 754 1688; x_wconf 73' lang='lat' dir='ltr'>quinqmmyzclari.</span> 
     </span>
    </p>
   </div>
   <div class='ocr_carea' id='block_1_7' title="bbox 290 1699 1634 1797">
    <p class='ocr_par' dir='ltr' id='par_1_10' title="bbox 290 1699 1634 1797">
     <span class='ocr_line' id='line_1_26' title="bbox 290 1699 1634 1747; baseline 0.001 -15"><span class='ocrx_word' id='word_1_177' title='bbox 290 1701 456 1743; x_wconf 83' lang='lat' dir='ltr'>Lejeunia</span> <span class='ocrx_word' id='word_1_178' title='bbox 484 1704 707 1747; x_wconf 82' lang='lat' dir='ltr'>serpyllisolia</span> <span class='ocrx_word' id='word_1_179' title='bbox 743 1713 768 1741; x_wconf 77' lang='lat' dir='ltr'>&#39;y</span> <span class='ocrx_word' id='word_1_180' title='bbox 801 1712 897 1735; x_wconf 75' lang='lat' dir='ltr'>ovata</span> <span class='ocrx_word' id='word_1_181' title='bbox 926 1702 973 1736; x_wconf 71' lang='grc' dir='ltr'>Ν.</span> <span class='ocrx_word' id='word_1_182' title='bbox 1000 1700 1044 1735; x_wconf 80' lang='lat' dir='ltr'>ab</span> <span class='ocrx_word' id='word_1_183' title='bbox 1070 1700 1117 1735; x_wconf 87' lang='grc' dir='ltr'>Ε.</span> <span class='ocrx_word' id='word_1_184' title='bbox 1143 1700 1236 1747; x_wconf 68' lang='lat' dir='ltr'>Hep.</span> <span class='ocrx_word' id='word_1_185' title='bbox 1264 1699 1357 1735; x_wconf 78' lang='lat' dir='ltr'>Eur.</span> <span class='ocrx_word' id='word_1_186' title='bbox 1386 1699 1461 1734; x_wconf 88' lang='lat' dir='ltr'><strong>III.</strong></span> <span class='ocrx_word' id='word_1_187' title='bbox 1482 1711 1520 1745; x_wconf 79' lang='lat' dir='ltr'>p.</span> <span class='ocrx_word' id='word_1_188' title='bbox 1549 1700 1634 1733; x_wconf 81' lang='lat'>264.</span> 
     </span>
     <span class='ocr_line' id='line_1_27' title="bbox 376 1749 851 1797; baseline 0 -15"><span class='ocrx_word' id='word_1_189' title='bbox 376 1756 410 1782; x_wconf 84' lang='lat' dir='ltr'>et</span> <span class='ocrx_word' id='word_1_190' title='bbox 435 1756 552 1784; x_wconf 73' lang='lat' dir='ltr'>annot,</span> <span class='ocrx_word' id='word_1_191' title='bbox 580 1751 598 1771; x_wconf 50' lang='grc' dir='ltr'>Ἐ</span> <span class='ocrx_word' id='word_1_192' title='bbox 626 1749 691 1791; x_wconf 71' lang='lat' dir='ltr'>(cx</span> <span class='ocrx_word' id='word_1_193' title='bbox 710 1750 851 1797; x_wconf 76' lang='lat' dir='ltr'>parte).</span> 
     </span>
    </p>
   </div>
   <div class='ocr_carea' id='block_1_8' title="bbox 291 1806 1633 1901">
    <p class='ocr_par' dir='ltr' id='par_1_11' title="bbox 291 1806 1633 1901">
     <span class='ocr_line' id='line_1_28' title="bbox 291 1806 1633 1901; baseline -0.001 -61"><span class='ocrx_word' id='word_1_194' title='bbox 291 1808 561 1901; x_wconf 43' lang='lat' dir='ltr'>Junggfrffinjia</span> <span class='ocrx_word' id='word_1_195' title='bbox 597 1819 694 1843; x_wconf 76' lang='lat' dir='ltr'>ovata</span> <span class='ocrx_word' id='word_1_196' title='bbox 726 1809 879 1844; x_wconf 64' lang='lat' dir='ltr'>Dicltson</span> <span class='ocrx_word' id='word_1_197' title='bbox 917 1808 1041 1843; x_wconf 79' lang='lat' dir='ltr'>Plant.</span> <span class='ocrx_word' id='word_1_198' title='bbox 1077 1807 1199 1855; x_wconf 77' lang='lat' dir='ltr'>Crypt.</span> <span class='ocrx_word' id='word_1_199' title='bbox 1233 1807 1337 1843; x_wconf 80' lang='lat' dir='ltr'>Fase.</span> <span class='ocrx_word' id='word_1_200' title='bbox 1366 1806 1428 1841; x_wconf 89' lang='lat' dir='ltr'>III</span> <span class='ocrx_word' id='word_1_201' title='bbox 1454 1818 1494 1852; x_wconf 78' lang='lat' dir='ltr'>p.</span> <span class='ocrx_word' id='word_1_202' title='bbox 1524 1808 1581 1840; x_wconf 89' lang='lat' dir='ltr'>ll.</span> <span class='ocrx_word' id='word_1_203' title='bbox 1608 1812 1633 1839; x_wconf 77' lang='lat' dir='ltr'>t.</span> 
     </span>
     <span class='ocr_line' id='line_1_29' title="bbox 527 1860 596 1891; baseline -0.014 0"><span class='ocrx_word' id='word_1_204' title='bbox 527 1883 534 1891; x_wconf 88' lang='lat'><strong><em>.</em></strong></span> <span class='ocrx_word' id='word_1_205' title='bbox 562 1860 596 1890; x_wconf 88' lang='grc'>6.</span> 
     </span>
    </p>
   </div>
   <div class='ocr_carea' id='block_1_9' title="bbox 99 1914 1667 2255">
    <p class='ocr_par' dir='ltr' id='par_1_12' title="bbox 292 1914 1541 1960">
     <span class='ocr_line' id='line_1_30' title="bbox 292 1914 1541 1960; baseline 0.002 -16"><span class='ocrx_word' id='word_1_206' title='bbox 292 1914 566 1956; x_wconf 83' lang='lat' dir='ltr'>Jungermannia</span> <span class='ocrx_word' id='word_1_207' title='bbox 593 1918 815 1960; x_wconf 67' lang='lat' dir='ltr'>serpyllisolia</span> <span class='ocrx_word' id='word_1_208' title='bbox 843 1918 866 1957; x_wconf 79' lang='grc' dir='ltr'>β</span> <span class='ocrx_word' id='word_1_209' title='bbox 893 1926 989 1948; x_wconf 79' lang='lat' dir='ltr'>ovata</span> <span class='ocrx_word' id='word_1_210' title='bbox 1017 1915 1134 1949; x_wconf 75' lang='lat' dir='ltr'>Hook.</span> <span class='ocrx_word' id='word_1_211' title='bbox 1163 1914 1263 1949; x_wconf 77' lang='lat' dir='ltr'>Brit.</span> <span class='ocrx_word' id='word_1_212' title='bbox 1289 1914 1401 1958; x_wconf 70' lang='lat' dir='ltr'>Juny.</span> <span class='ocrx_word' id='word_1_213' title='bbox 1428 1920 1454 1948; x_wconf 76' lang='lat' dir='ltr'>t.</span> <span class='ocrx_word' id='word_1_214' title='bbox 1481 1915 1541 1947; x_wconf 79' lang='lat'>42.</span> 
     </span>
    </p>

    <p class='ocr_par' dir='ltr' id='par_1_13' title="bbox 196 1970 1213 2018">
     <span class='ocr_line' id='line_1_31' title="bbox 196 1970 1213 2018; baseline 0.005 -13"><span class='ocrx_word' id='word_1_215' title='bbox 196 1970 359 2005; x_wconf 81' lang='lat' dir='ltr'>Habitat</span> <span class='ocrx_word' id='word_1_216' title='bbox 383 1972 421 2006; x_wconf 91' lang='lat' dir='ltr'>in</span> <span class='ocrx_word' id='word_1_217' title='bbox 452 1973 634 2008; x_wconf 87' lang='lat' dir='ltr'>Hibernia</span> <span class='ocrx_word' id='word_1_218' title='bbox 662 1975 709 2008; x_wconf 89' lang='lat' dir='ltr'>ad</span> <span class='ocrx_word' id='word_1_219' title='bbox 740 1975 883 2018; x_wconf 88' lang='lat' dir='ltr'>Bantry</span> <span class='ocrx_word' id='word_1_220' title='bbox 910 1979 947 2009; x_wconf 89' lang='lat' dir='ltr'>et</span> <span class='ocrx_word' id='word_1_221' title='bbox 977 1976 1213 2010; x_wconf 86' lang='lat' dir='ltr'>Dunkerron.</span> 
     </span>
    </p>

    <p class='ocr_par' dir='ltr' id='par_1_14' title="bbox 99 2029 1667 2255">
     <span class='ocr_line' id='line_1_32' title="bbox 198 2029 1667 2079; baseline 0.001 -15"><span class='ocrx_word' id='word_1_222' title='bbox 198 2029 334 2065; x_wconf 73' lang='lat' dir='ltr'>Differ-t</span> <span class='ocrx_word' id='word_1_223' title='bbox 360 2042 379 2064; x_wconf 89' lang='lat' dir='ltr'>a</span> <span class='ocrx_word' id='word_1_224' title='bbox 410 2031 486 2077; x_wconf 73' lang='lat' dir='ltr'>ij.</span> <span class='ocrx_word' id='word_1_225' title='bbox 513 2032 746 2079; x_wconf 65' lang='lat' dir='ltr'>seipyllzsolz‘a</span> <span class='ocrx_word' id='word_1_226' title='bbox 771 2034 905 2068; x_wconf 89' lang='lat' dir='ltr'>minori</span> <span class='ocrx_word' id='word_1_227' title='bbox 932 2039 1098 2076; x_wconf 83' lang='lat' dir='ltr'>statura,</span> <span class='ocrx_word' id='word_1_228' title='bbox 1134 2033 1295 2069; x_wconf 84' lang='lat' dir='ltr'>surculis</span> <span class='ocrx_word' id='word_1_229' title='bbox 1326 2033 1374 2068; x_wconf 93' lang='lat' dir='ltr'>ob</span> <span class='ocrx_word' id='word_1_230' title='bbox 1401 2032 1489 2066; x_wconf 80' lang='lat' dir='ltr'>solia</span> <span class='ocrx_word' id='word_1_231' title='bbox 1516 2031 1630 2066; x_wconf 47' lang='lat' dir='ltr'>vertis</span> <span class='ocrx_word' id='word_1_232' title='bbox 1665 2034 1667 2037; x_wconf 82' lang='grc'><strong>“</strong></span> 
     </span>
     <span class='ocr_line' id='line_1_33' title="bbox 100 2088 1634 2134; baseline 0.002 -12"><span class='ocrx_word' id='word_1_233' title='bbox 100 2088 198 2123; x_wconf 90' lang='lat' dir='ltr'>calia</span> <span class='ocrx_word' id='word_1_234' title='bbox 224 2089 545 2125; x_wconf 87' lang='lat' dir='ltr'>subascendentia</span> <span class='ocrx_word' id='word_1_235' title='bbox 571 2092 649 2126; x_wconf 88' lang='lat' dir='ltr'>fere</span> <span class='ocrx_word' id='word_1_236' title='bbox 675 2093 879 2134; x_wconf 84' lang='lat' dir='ltr'>teretibus,</span> <span class='ocrx_word' id='word_1_237' title='bbox 918 2094 1017 2128; x_wconf 89' lang='lat' dir='ltr'>foliis</span> <span class='ocrx_word' id='word_1_238' title='bbox 1051 2093 1224 2128; x_wconf 89' lang='lat' dir='ltr'>omnibus</span> <span class='ocrx_word' id='word_1_239' title='bbox 1258 2091 1379 2127; x_wconf 87' lang='lat' dir='ltr'>acutis</span> <span class='ocrx_word' id='word_1_240' title='bbox 1406 2091 1634 2125; x_wconf 87' lang='lat' dir='ltr'>ramulorum</span> 
     </span>
     <span class='ocr_line' id='line_1_34' title="bbox 100 2150 1634 2198; baseline 0.002 -14"><span class='ocrx_word' id='word_1_241' title='bbox 100 2150 289 2196; x_wconf 90' lang='lat' dir='ltr'>plerisque</span> <span class='ocrx_word' id='word_1_242' title='bbox 316 2151 426 2195; x_wconf 81' lang='lat' dir='ltr'>longe</span> <span class='ocrx_word' id='word_1_243' title='bbox 454 2152 691 2194; x_wconf 87' lang='lat' dir='ltr'>acuminatis,</span> <span class='ocrx_word' id='word_1_244' title='bbox 720 2152 997 2197; x_wconf 87' lang='lat' dir='ltr'>amphigastriis</span> <span class='ocrx_word' id='word_1_245' title='bbox 1018 2152 1145 2198; x_wconf 86' lang='lat' dir='ltr'>parvis</span> <span class='ocrx_word' id='word_1_246' title='bbox 1171 2163 1246 2188; x_wconf 90' lang='lat' dir='ltr'>non</span> <span class='ocrx_word' id='word_1_247' title='bbox 1264 2150 1483 2188; x_wconf 86' lang='lat' dir='ltr'>orbiculatis</span> <span class='ocrx_word' id='word_1_248' title='bbox 1500 2151 1634 2187; x_wconf 87' lang='lat' dir='ltr'>obtuse</span> 
     </span>
     <span class='ocr_line' id='line_1_35' title="bbox 99 2209 886 2255; baseline 0.004 -12"><span class='ocrx_word' id='word_1_249' title='bbox 99 2209 224 2244; x_wconf 80' lang='lat' dir='ltr'>bifidis</span> <span class='ocrx_word' id='word_1_250' title='bbox 249 2209 395 2245; x_wconf 89' lang='lat' dir='ltr'>laciniis</span> <span class='ocrx_word' id='word_1_251' title='bbox 420 2211 703 2255; x_wconf 82' lang='lat' dir='ltr'>divergentibus</span> <span class='ocrx_word' id='word_1_252' title='bbox 728 2212 886 2247; x_wconf 86' lang='lat' dir='ltr'>obtusis.</span> 
     </span>
    </p>
   </div>
   <div class='ocr_carea' id='block_1_10' title="bbox 97 2282 1636 2509">
    <p class='ocr_par' dir='ltr' id='par_1_15' title="bbox 97 2282 1636 2509">
     <span class='ocr_line' id='line_1_36' title="bbox 417 2282 1321 2330; baseline -0.002 -12"><span class='ocrx_word' id='word_1_253' title='bbox 417 2285 496 2318; x_wconf 83' lang='lat'>164.</span> <span class='ocrx_word' id='word_1_254' title='bbox 547 2284 807 2330; x_wconf 68' lang='lat' dir='ltr'>Dejeune‘a</span> <span class='ocrx_word' id='word_1_255' title='bbox 833 2283 1148 2329; x_wconf 69' lang='lat' dir='ltr'>subinteyra</span> <span class='ocrx_word' id='word_1_256' title='bbox 1172 2282 1321 2326; x_wconf 80' lang='lat' dir='ltr'>Taylor.</span> 
     </span>
     <span class='ocr_line' id='line_1_37' title="bbox 194 2340 1636 2390; baseline -0.001 -14"><span class='ocrx_word' id='word_1_257' title='bbox 194 2342 240 2376; x_wconf 93' lang='lat' dir='ltr'>L.</span> <span class='ocrx_word' id='word_1_258' title='bbox 266 2342 365 2377; x_wconf 80' lang='lat' dir='ltr'>caule</span> <span class='ocrx_word' id='word_1_259' title='bbox 389 2344 571 2389; x_wconf 74' lang='lat' dir='ltr'>caespitoso</span> <span class='ocrx_word' id='word_1_260' title='bbox 590 2342 834 2390; x_wconf 79' lang='lat' dir='ltr'>procumbente</span> <span class='ocrx_word' id='word_1_261' title='bbox 854 2342 1009 2388; x_wconf 67' lang='lat' dir='ltr'>elovzyato</span> <span class='ocrx_word' id='word_1_262' title='bbox 1023 2341 1247 2389; x_wconf 77' lang='lat' dir='ltr'>subsimplici,</span> <span class='ocrx_word' id='word_1_263' title='bbox 1262 2341 1369 2387; x_wconf 81' lang='lat' dir='ltr'>foliis</span> <span class='ocrx_word' id='word_1_264' title='bbox 1381 2340 1636 2376; x_wconf 75' lang='lat' dir='ltr'>subimbricatis</span> 
     </span>
     <span class='ocr_line' id='line_1_38' title="bbox 97 2398 1635 2449; baseline -0.001 -14"><span class='ocrx_word' id='word_1_265' title='bbox 97 2401 335 2437; x_wconf 73' lang='lat' dir='ltr'>erectiusculis</span> <span class='ocrx_word' id='word_1_266' title='bbox 354 2403 601 2448; x_wconf 64' lang='grc' dir='ltr'>ἱηῖερθννίφηίε,</span> <span class='ocrx_word' id='word_1_267' title='bbox 629 2402 702 2437; x_wconf 83' lang='lat' dir='ltr'>lobo</span> <span class='ocrx_word' id='word_1_268' title='bbox 726 2398 899 2449; x_wconf 73' lang='lat' dir='ltr'>superieri</span> <span class='ocrx_word' id='word_1_269' title='bbox 924 2402 1286 2448; x_wconf 62' lang='lat' dir='ltr'>oblongo-rotundato,</span> <span class='ocrx_word' id='word_1_270' title='bbox 1310 2400 1476 2447; x_wconf 68' lang='lat' dir='ltr'>inferiori</span> <span class='ocrx_word' id='word_1_271' title='bbox 1500 2402 1635 2434; x_wconf 82' lang='lat' dir='ltr'>minuto</span> 
     </span>
     <span class='ocr_line' id='line_1_39' title="bbox 99 2460 1572 2509; baseline -0.001 -15"><span class='ocrx_word' id='word_1_272' title='bbox 99 2466 198 2494; x_wconf 78' lang='lat' dir='ltr'>ovato</span> <span class='ocrx_word' id='word_1_273' title='bbox 222 2460 387 2503; x_wconf 71' lang='lat' dir='ltr'>involuto,</span> <span class='ocrx_word' id='word_1_274' title='bbox 413 2462 675 2509; x_wconf 74' lang='lat' dir='ltr'>ampliiyastriis</span> <span class='ocrx_word' id='word_1_275' title='bbox 699 2462 890 2496; x_wconf 78' lang='lat' dir='ltr'>maioribus</span> <span class='ocrx_word' id='word_1_276' title='bbox 914 2463 1023 2497; x_wconf 71' lang='lat' dir='ltr'>evaeis</span> <span class='ocrx_word' id='word_1_277' title='bbox 1047 2463 1169 2505; x_wconf 61' lang='lat' dir='ltr'>aciatis,</span> <span class='ocrx_word' id='word_1_278' title='bbox 1195 2473 1328 2496; x_wconf 82' lang='lat' dir='ltr'>summo</span> <span class='ocrx_word' id='word_1_279' title='bbox 1350 2461 1446 2507; x_wconf 76' lang='lat' dir='ltr'>apice</span> <span class='ocrx_word' id='word_1_280' title='bbox 1456 2460 1572 2504; x_wconf 77' lang='lat' dir='ltr'>fissis.</span> 
     </span>
    </p>
   </div>
   <div class='ocr_carea' id='block_1_11' title="bbox 293 2519 1634 2615">
    <p class='ocr_par' dir='ltr' id='par_1_16' title="bbox 293 2519 1634 2615">
     <span class='ocr_line' id='line_1_40' title="bbox 293 2519 1634 2568; baseline 0.001 -15"><span class='ocrx_word' id='word_1_281' title='bbox 293 2522 564 2564; x_wconf 79' lang='lat' dir='ltr'>Jungermaunia</span> <span class='ocrx_word' id='word_1_282' title='bbox 607 2522 805 2564; x_wconf 79' lang='lat' dir='ltr'>subintegra</span> <span class='ocrx_word' id='word_1_283' title='bbox 849 2521 982 2568; x_wconf 73' lang='lat' dir='ltr'>Taylor</span> <span class='ocrx_word' id='word_1_284' title='bbox 1019 2522 1112 2568; x_wconf 77' lang='lat' dir='ltr'>Hep.</span> <span class='ocrx_word' id='word_1_285' title='bbox 1149 2520 1363 2556; x_wconf 77' lang='lat' dir='ltr'>antarcticae</span> <span class='ocrx_word' id='word_1_286' title='bbox 1404 2520 1442 2554; x_wconf 74' lang='lat' dir='ltr'>in</span> <span class='ocrx_word' id='word_1_287' title='bbox 1489 2519 1634 2554; x_wconf 76' lang='lat' dir='ltr'>London</span> 
     </span>
     <span class='ocr_line' id='line_1_41' title="bbox 379 2568 1116 2615; baseline 0.001 -12"><span class='ocrx_word' id='word_1_288' title='bbox 379 2568 507 2603; x_wconf 80' lang='lat' dir='ltr'>Journ.</span> <span class='ocrx_word' id='word_1_289' title='bbox 534 2568 579 2614; x_wconf 73' lang='lat' dir='ltr'>qs</span> <span class='ocrx_word' id='word_1_290' title='bbox 596 2568 662 2603; x_wconf 83' lang='lat' dir='ltr'>bot.</span> <span class='ocrx_word' id='word_1_291' title='bbox 694 2571 797 2604; x_wconf 85' lang='grc'><strong>1844.</strong></span> <span class='ocrx_word' id='word_1_292' title='bbox 818 2581 857 2615; x_wconf 81' lang='lat' dir='ltr'>p.</span> <span class='ocrx_word' id='word_1_293' title='bbox 883 2572 966 2604; x_wconf 89' lang='grc'><strong>477.</strong></span> <span class='ocrx_word' id='word_1_294' title='bbox 994 2583 1028 2604; x_wconf 78' lang='lat' dir='ltr'>n.</span> <span class='ocrx_word' id='word_1_295' title='bbox 1055 2572 1116 2605; x_wconf 81' lang='lat'>55.</span> 
     </span>
    </p>
   </div>
   <div class='ocr_carea' id='block_1_12' title="bbox 102 2625 1633 2966">
    <p class='ocr_par' dir='ltr' id='par_1_17' title="bbox 199 2625 1133 2674">
     <span class='ocr_line' id='line_1_42' title="bbox 199 2625 1133 2674; baseline 0.001 -13"><span class='ocrx_word' id='word_1_296' title='bbox 199 2627 360 2662; x_wconf 84' lang='lat' dir='ltr'>Habitat</span> <span class='ocrx_word' id='word_1_297' title='bbox 384 2628 423 2663; x_wconf 89' lang='lat' dir='ltr'>in</span> <span class='ocrx_word' id='word_1_298' title='bbox 450 2628 589 2663; x_wconf 85' lang='lat' dir='ltr'>Insulis</span> <span class='ocrx_word' id='word_1_299' title='bbox 616 2625 801 2662; x_wconf 85' lang='lat' dir='ltr'>Falkland</span> <span class='ocrx_word' id='word_1_300' title='bbox 826 2628 1000 2673; x_wconf 91' lang='lat' dir='ltr'>(Hooker</span> <span class='ocrx_word' id='word_1_301' title='bbox 1020 2628 1133 2674; x_wconf 86' lang='lat' dir='ltr'>jun.).</span> 
     </span>
    </p>

    <p class='ocr_par' dir='ltr' id='par_1_18' title="bbox 102 2684 1633 2966">
     <span class='ocr_line' id='line_1_43' title="bbox 197 2684 1633 2733; baseline 0.001 -13"><span class='ocrx_word' id='word_1_302' title='bbox 197 2685 397 2732; x_wconf 90' lang='lat' dir='ltr'>Caespites</span> <span class='ocrx_word' id='word_1_303' title='bbox 433 2688 645 2733; x_wconf 86' lang='lat' dir='ltr'>complures</span> <span class='ocrx_word' id='word_1_304' title='bbox 679 2687 834 2732; x_wconf 88' lang='lat' dir='ltr'>pollices</span> <span class='ocrx_word' id='word_1_305' title='bbox 867 2688 952 2731; x_wconf 88' lang='lat' dir='ltr'>lati,</span> <span class='ocrx_word' id='word_1_306' title='bbox 990 2687 1129 2732; x_wconf 84' lang='lat' dir='ltr'>pallide</span> <span class='ocrx_word' id='word_1_307' title='bbox 1163 2684 1335 2722; x_wconf 86' lang='lat' dir='ltr'>olivacei.</span> <span class='ocrx_word' id='word_1_308' title='bbox 1395 2684 1520 2720; x_wconf 73' lang='lat' dir='ltr'>caules</span> <span class='ocrx_word' id='word_1_309' title='bbox 1557 2685 1633 2721; x_wconf 85' lang='lat' dir='ltr'>fere</span> 
     </span>
     <span class='ocr_line' id='line_1_44' title="bbox 102 2744 1633 2792; baseline -0.001 -12"><span class='ocrx_word' id='word_1_310' title='bbox 102 2745 320 2790; x_wconf 87' lang='lat' dir='ltr'>pollicares,</span> <span class='ocrx_word' id='word_1_311' title='bbox 347 2746 569 2792; x_wconf 80' lang='lat' dir='ltr'>saepissime</span> <span class='ocrx_word' id='word_1_312' title='bbox 596 2747 808 2792; x_wconf 87' lang='lat' dir='ltr'>simplices,</span> <span class='ocrx_word' id='word_1_313' title='bbox 835 2747 946 2783; x_wconf 83' lang='lat' dir='ltr'>valde</span> <span class='ocrx_word' id='word_1_314' title='bbox 973 2746 1148 2791; x_wconf 87' lang='lat' dir='ltr'>elongati.</span> <span class='ocrx_word' id='word_1_315' title='bbox 1198 2744 1306 2780; x_wconf 78' lang='lat' dir='ltr'>Folia</span> <span class='ocrx_word' id='word_1_316' title='bbox 1329 2745 1633 2790; x_wconf 85' lang='lat' dir='ltr'>ampIexicaulia,</span> 
     </span>
     <span class='ocr_line' id='line_1_45' title="bbox 102 2804 1632 2852; baseline 0.001 -15"><span class='ocrx_word' id='word_1_317' title='bbox 102 2804 322 2848; x_wconf 85' lang='lat' dir='ltr'>suberecta,</span> <span class='ocrx_word' id='word_1_318' title='bbox 356 2817 538 2842; x_wconf 82' lang='lat' dir='ltr'>concava.</span> <span class='ocrx_word' id='word_1_319' title='bbox 596 2807 877 2852; x_wconf 86' lang='lat' dir='ltr'>Amphigastria</span> <span class='ocrx_word' id='word_1_320' title='bbox 915 2806 1059 2842; x_wconf 89' lang='lat' dir='ltr'>maiora</span> <span class='ocrx_word' id='word_1_321' title='bbox 1093 2805 1218 2851; x_wconf 83' lang='lat' dir='ltr'>quoad</span> <span class='ocrx_word' id='word_1_322' title='bbox 1253 2804 1363 2847; x_wconf 86' lang='lat' dir='ltr'>folia,</span> <span class='ocrx_word' id='word_1_323' title='bbox 1401 2804 1514 2839; x_wconf 86' lang='lat' dir='ltr'>bifida</span> <span class='ocrx_word' id='word_1_324' title='bbox 1548 2805 1632 2840; x_wconf 88' lang='lat' dir='ltr'>sinu</span> 
     </span>
     <span class='ocr_line' id='line_1_46' title="bbox 104 2864 1632 2912; baseline 0.001 -15"><span class='ocrx_word' id='word_1_325' title='bbox 104 2867 264 2907; x_wconf 86' lang='lat' dir='ltr'>angusto</span> <span class='ocrx_word' id='word_1_326' title='bbox 291 2870 331 2900; x_wconf 86' lang='lat' dir='ltr'>ut</span> <span class='ocrx_word' id='word_1_327' title='bbox 357 2876 406 2901; x_wconf 85' lang='lat' dir='ltr'>ex</span> <span class='ocrx_word' id='word_1_328' title='bbox 430 2866 626 2912; x_wconf 84' lang='lat' dir='ltr'>pressione</span> <span class='ocrx_word' id='word_1_329' title='bbox 652 2870 799 2902; x_wconf 83' lang='lat' dir='ltr'>tantum</span> <span class='ocrx_word' id='word_1_330' title='bbox 826 2867 896 2902; x_wconf 90' lang='lat' dir='ltr'>sub</span> <span class='ocrx_word' id='word_1_331' title='bbox 924 2877 1022 2912; x_wconf 85' lang='lat' dir='ltr'>aqua</span> <span class='ocrx_word' id='word_1_332' title='bbox 1048 2864 1401 2910; x_wconf 84' lang='lat' dir='ltr'>amphigastriorum</span> <span class='ocrx_word' id='word_1_333' title='bbox 1433 2865 1567 2901; x_wconf 90' lang='lat' dir='ltr'>divisio</span> <span class='ocrx_word' id='word_1_334' title='bbox 1594 2865 1632 2900; x_wconf 90' lang='lat' dir='ltr'>in</span> 
     </span>
     <span class='ocr_line' id='line_1_47' title="bbox 104 2920 422 2966; baseline 0.022 -10"><span class='ocrx_word' id='word_1_335' title='bbox 104 2920 212 2966; x_wconf 84' lang='lat' dir='ltr'>apice</span> <span class='ocrx_word' id='word_1_336' title='bbox 238 2923 422 2963; x_wconf 73' lang='lat' dir='ltr'>videatur.</span> 
     </span>
    </p>
   </div>
  </div>
 </body>
</html>
