1824 3252
756 193 949 239 Lejeunia.
1529 194 1602 227 405

227 309 389 351 Lejeunia
417 309 638 352 calyptrifolia
666 307 832 341 Dumort.
862 305 992 340 Comm.
1019 304 1086 339 bot.
1107 315 1146 350 p.
1176 306 1255 338 lll.
1306 302 1395 349 Syll.
1416 303 1599 348 Junyerm.

351 379 391 413 p.
417 369 476 401 32.
501 379 537 400 η.
563 368 597 401 6.
651 366 698 400 Ν.
724 365 767 399 ab
795 365 841 400 E.
868 365 959 411 Hel).
986 363 1076 397 Eur.
1105 363 1178 397 ΙΙΙ.
1198 375 1239 409 p.
1256 365 1339 397 300.
1356 374 1391 396 n.
1405 365 1440 396 5.
1461 375 1500 408 p.
1515 365 1599 396 260.

359 426 428 459 IV.
462 438 487 461 ).
513 426 621 461 LXI·

225 439 491 529 Jungermanulia
520 485 742 529 calypti-ischa
771 481 996 516 Hook.Bric.
1023 481 1203 525 Junyerm.
1232 486 1257 514 t.
1285 482 1344 513 43.
1394 479 1599 525 Enyl.Bot.

359 550 383 577 t.
410 546 518 577 2538.
568 541 735 576 Lindenb.
764 542 855 587 Hep.
883 541 975 574 Eur.
995 553 1033 586 p.
1060 543 1118 575 24.
1144 552 1178 573 n.
1208 542 1263 572 13.

183 601 345 636 Habitat
373 601 411 635 in
426 600 623 635 Britannia
642 605 677 634 et
699 600 882 634 Hibernia
903 600 939 632 in
964 598 1242 633 consociatione
1260 596 1336 642 qu.
1352 595 1598 640 hamatifoliae.

331 697 414 728 231.
465 693 722 738 lie-ieamer
748 691 1104 736 eorynephora
1132 688 1179 722 N.
1208 688 1254 722 ab
1282 688 1325 722 E.

176 766 219 799 L.
245 764 338 799 caule
362 770 454 797 arcte
477 769 612 809 repente
635 762 869 808 subpimzatim
895 761 1113 805 decomposita
1146 758 1325 804 deplanato
1348 756 1479 796 subtili,
1493 756 1599 801 foliis

79 824 245 868 coutiyuis
280 821 557 856 subverticalibus
593 821 726 866 patulis
766 819 915 853 obovutis
951 819 1182 863 inteyerrimis
1227 816 1344 851 subtus
1387 815 1599 861 complicatis

83 881 192 916 (obulo
216 883 253 915 in
277 881 358 915 aliis
382 887 526 924 anyusto
552 879 655 920 brevi,
681 879 762 912 aliis
775 879 870 923 folio
895 878 1053 924 ‘lon-qiore
1078 879 1173 923 apice
1197 875 1365 910 cucullato
1389 874 1596 921 spatlzulato,

77 941 337 986 amplciyastriis
361 938 545 984 duplicatis
569 936 776 971 distantibus
792 937 926 982 patulis
946 937 1119 982 profunde
1137 935 1250 979 bifidis
1267 935 1403 969 laciniis
1415 933 1596 977 subulatis,

65 1000 195 1045 fructu
227 998 364 1032 laterali
397 998 445 1031 ad
475 996 571 1030 basin
601 994 816 1029 ramulorum
834 995 1034 1041 periantlzio
1052 1006 1162 1040 parvo
1186 993 1296 1035 omli,
1319 992 1426 1038 foliis
1458 992 1592 1027 involu-

78 1056 228 1091 cralibus
246 1057 370 1102 parvis
394 1054 600 1089 lanceolacis.
652 1054 814 1087 Gottselze
840 1054 936 1087 Icon.
966 1054 1112 1099 queun.
1140 1052 1209 1086 IV.
1235 1055 1294 1086 24.

220 1116 383 1156 Lejeunia
410 1114 646 1158 corynephora
676 1112 719 1146 G.
748 1113 793 1146 L.
821 1120 852 1146 et
880 1113 927 1146 N.
955 1111 997 1146 ab
1025 1112 1070 1145 E.
1086 1112 1177 1157 Hep.
1193 1111 1328 1156 Illeymc.
1345 1110 1381 1143 in
1401 1109 1489 1144 Nov.
1509 1109 1593 1144 Act.

352 1173 419 1207 Ac.
449 1173 534 1207 Nat.
564 1172 649 1206 Cur.
676 1171 794 1205 XIX.
820 1170 944 1217 Suppl.
977 1173 1005 1205 l.
1026 1182 1066 1216 p.
1094 1172 1177 1204 474.

170 1245 215 1279 In
243 1244 330 1279 folio
356 1243 561 1278 Acrostichi
590 1241 784 1276 cuiusdam
813 1251 900 1275 nov.
925 1251 1025 1284 spec.
1052 1241 1090 1274 in
1117 1239 1262 1274 Manila
1288 1239 1411 1278 insula
1436 1249 1519 1272 cum
1547 1239 1593 1273 L.

72 1305 182 1338 vitrea
205 1304 372 1347 (Meyen,
400 1303 476 1337 Hb.
506 1302 583 1346 N.).

168 1362 235 1405 Adi
264 1362 467 1408 Lejjeuniam
507 1361 651 1393 ‘citream
690 1358 835 1393 accedit
872 1364 1042 1400 textura,
1082 1362 1227 1392 statura
1265 1361 1301 1391 et
1336 1356 1483 1398 habitu,
1526 1356 1593 1390 sed

72 1432 179 1476 longe
205 1432 320 1466 distat
343 1431 452 1472 foliis,
473 1442 570 1476 quae
597 1431 673 1465 sere
694 1429 917 1464 verticaliter
937 1429 1074 1472 adfixa,
1102 1429 1252 1473 oblique
1269 1427 1411 1472 patula,
1438 1425 1591 1470 pallida,

72 1490 256 1534 obovata‚
294 1490 554 1535 integerrima,
581 1490 629 1524 ad
657 1488 762 1523 basin
784 1482 864 1522 *non
890 1488 1014 1523 lobulo
1041 1489 1206 1532 gaudent
1231 1487 1334 1521 brevi
1360 1490 1471 1520 ovato
1496 1497 1587 1520 con-

70 1560 240 1594 vexoque
267 1554 377 1594 atque
404 1550 576 1591 discreto,
603 1550 667 1583 sed
695 1548 793 1592 plica
820 1547 943 1592 potius
971 1552 1132 1591 angusta
1156 1547 1300 1589 lineari,
1327 1547 1365 1580 in
1392 1546 1475 1580 aliis
1501 1546 1590 1581 solio

72 1608 186 1652 duplo
221 1609 379 1644 breviori
413 1613 450 1643 et
483 1609 520 1642 in
556 1608 723 1642 eiusdem
758 1608 962 1650 marginem
996 1611 1234 1649 transeunte,
1272 1607 1309 1640 iu
1347 1605 1430 1640 aliis
1464 1610 1590 1639 autem

73 1667 120 1700 ad
160 1667 302 1711 apicem
335 1668 516 1712 producta
552 1671 663 1711 atque
699 1667 736 1700 in
775 1667 950 1700 laminam
985 1667 1187 1701 obovatam
1223 1676 1425 1700 concavam
1460 1665 1589 1700 solium

71 1732 308 1770 superantem
337 1737 506 1771 expansa
540 1736 627 1760 vere
661 1725 953 1759 cochleariformi
987 1729 1051 1759 aut
1077 1725 1303 1769 spathulata.
1356 1726 1451 1759 Rete
1478 1725 1591 1769 paulo

71 1785 196 1819 laxius
223 1786 422 1820 videbatur
447 1796 491 1819 ac
519 1784 557 1818 in
586 1785 664 1830 qu.
691 1785 811 1817 vitrea.
863 1784 1143 1828 Amphigastria
1170 1784 1256 1818 folio
1284 1785 1435 1819 alterius
1461 1784 1588 1819 lateris

70 1844 279 1878 alternatim
315 1843 594 1888 adpmximata,
634 1843 829 1884 subulam,
879 1854 899 1877 e
935 1844 1093 1888 simplici
1129 1844 1348 1878 cellularum
1385 1843 1480 1877 serie
1516 1853 1585 1876 ex-

69 1906 210 1936 structa
237 1907 334 1937 sunt.

331 2000 414 2032 232.
465 1997 728 2043 Dejeunia
755 1998 1104 2041 ceratophora
1132 1996 1180 2030 N.
1209 1996 1256 2030 ab
1283 1996 1326 2030 Ε.

160 2067 204 2103 L.
230 2068 364 2113 amiqua,
388 2068 484 2102 caule
507 2068 848 2113 divevyenti-ramoso
871 2074 1018 2114 repente,
1033 2067 1140 2113 foliis
1164 2068 1416 2114 adproximatis
1433 2069 1588 2114 patenti-

67 2127 344 2162 adscendentibus
367 2128 518 2175 oblonyis
542 2128 675 2174 inferne
698 2127 816 2161 subtus
834 2127 1004 2174 parallel&
1028 2127 1215 2161 convolutis
1246 2127 1324 2161 hinc·
1347 2129 1444 2173 apice
1469 2127 1585 2161 cucul-

66 2183 333 2220 lato-dilatatis
355 2187 730 2233 &aspidum-commis,
756 2187 1014 2233 amplaiqustriis
1039 2185 1155 2230 bifidi-⁵·
1179 2185 1315 2220 laciniis
1338 2187 1588 2232 diver-(sentibus

62 2242 241 2286 subulatz's‚
257 2245 387 2290 fructu
414 2272 422 2281 .
448 2272 456 2280 .
485 2272 492 2280 .

160 2315 206 2349 In
234 2316 371 2351 cortice
397 2317 600 2361 peruviano
625 2317 719 2360 (Hb.
749 2318 828 2363 N.).

161 2380 342 2415 Proxima
366 2382 443 2428 Lej.
470 2381 740 2428 calypmwfoliae,
767 2393 786 2416 a
814 2393 887 2427 qua
914 2382 1055 2416 differt:
1084 2381 1198 2417 lobuli
1225 2380 1385 2421 defectu,
1413 2379 1583 2414 acumine

65 2437 142 2472 solii
169 2440 344 2475 subulato
379 2452 401 2475 a
436 2442 584 2476 cucullo
610 2441 753 2476 oriente
779 2441 933 2476 dimidio
969 2441 1057 2476 solio
1083 2440 1270 2484 longiore3
1306 2439 1468 2483 solioque
1501 2438 1584 2483 ipso

63 2496 160 2531 infra
187 2498 331 2542 apicem
358 2500 595 2543 angustiore,
629 2500 826 2534 latitudine
850 2509 969 2545 usque
996 2501 1043 2535 ad
1071 2501 1177 2535 basin
1205 2500 1280 2534 fere
1307 2499 1452 2543 aequali
1481 2509 1579 2532 mar-

64 2556 225 2601 gineque
250 2558 413 2593 inferiori
441 2559 544 2593 brevi
571 2559 694 2603 spatio
719 2559 927 2594 secundum
954 2563 1073 2598 totum
1099 2560 1196 2593 hunc
1223 2563 1381 2593 tractum
1405 2557 1582 2601 parallele

62 2613 229 2651 involuto
253 2617 334 2652 loco
360 2618 475 2652 lobuli
501 2619 652 2654 donato.

158 2687 327 2722 Adnot.
379 2689 576 2733 Specimen
596 2690 772 2725 Herbarii
795 2690 1039 2726 Gottscheani
1066 2702 1114 2725 ex
1136 2689 1323 2725 Herbario
1344 2690 1579 2735 Hampeano,

64 2755 86 2778 a
120 2745 165 2779 cl.
199 2745 402 2789 Junghuhn
449 2748 487 2783 in
527 2749 664 2784 cortice
705 2751 941 2797 Leptospermi
965 2750 1165 2797 floribundi
1205 2749 1405 2794 (Javanici)
1443 2750 1580 2784 lectum

64 2807 201 2838 statum
236 2805 491 2849 perfectiorem
529 2819 610 2843 esse
646 2810 833 2856 queuniae
865 2811 1106 2857 ceratoplzorae
1145 2814 1257 2854 puto;
1298 2809 1421 2843 differt
1454 2813 1578 2844 tamen

64 2862 162 2896 foliis
195 2863 301 2908 apice
335 2876 407 2900 non
434 2870 475 2901 ut
499 2866 551 2902 illi
578 2869 801 2913 explanatis.
853 2869 1073 2904 Perianthia
1100 2869 1176 2916 qu.
1204 2868 1459 2916 calypti-{foliae
1491 2873 1579 2905 sunt

62 2921 209 2959 similia.
714 2925 721 2935 '
