1824 3252
742 177 987 213 Marchantia.
1549 181 1615 212 531

110 294 242 336 cincti,
288 291 512 337 propagines
552 290 785 325 continentes
823 290 1081 331 lenticulares‚
1124 288 1232 323 viridi
1257 293 1618 334 -purpuraseentes.

110 352 508 399 Receptaculafeminea
540 349 752 393 pedunculo
789 349 959 392 pollicari
994 349 1098 383 fusco
1133 348 1262 382 striato
1296 347 1620 393 nudo-insidentia

108 417 193 445 sunt
209 410 415 450 dimidiata,
442 407 747 451 hemisphaerica,
776 408 912 442 vertice
937 411 1167 442 tumescente
1192 407 1445 447 mammillam,
1478 405 1514 439 in
1535 410 1619 440 octo

109 469 232 503 radios
268 468 408 509 divisa,
456 465 537 500 basi
575 466 792 500 membrana
830 467 1066 507 coniunctos,
1102 475 1313 506 convexus,
1337 464 1443 508 apice
1470 465 1619 502 liberos,

107 529 250 571 planos,
277 525 733 569 emarginato-crenatos‚
785 524 1425 568 Involucrumsubcampanulatum‚
1461 523 1619 563 bivalve,

106 590 128 620 3
150 608 164 613 -
182 586 388 620 4-florum.
439 584 689 618 Periantlzium
715 588 879 627 ovatum,
905 593 1194 628 purpurascens.

203 655 338 696 Quoad
377 654 656 698 receptaculum
695 655 895 689 femineum
937 653 1083 689 accedit
1120 653 1166 686 ad
1201 652 1259 686 M.
1295 651 1546 695 emawyinatam
1584 654 1620 683 et

104 714 313 759 palmatam,
349 725 445 758 quae
484 718 607 747 tamen
642 713 770 748 fronde
803 719 841 748 et
868 711 1105 758 receptaculo
1131 710 1296 745 masculo
1321 708 1478 744 diversis
1504 708 1620 752 primo

107 774 284 817 adspectu
312 772 420 806 facile
446 771 724 815 dignoscuntur.

300 870 354 900 15.
406 866 751 912 vahantia
774 863 1147 909 Domwyeoensis
1178 861 1220 895 L.
1247 865 1284 896 et
1310 861 1427 904 Ldbg.

200 935 256 969 M.
291 934 497 980 receptaculo
523 926 676 979 femineo
717 935 835 969 subtus
873 934 1014 968 barbato
1062 932 1244 966 dimidiato
1287 930 1619 978 palmato-septem-

105 995 282 1039 (Iecenfido
313 994 423 1027 radiis
456 993 624 1038 conti-quis
647 996 800 1028 cuneatis
829 991 1277 1038 emavyiuato-cremabitis,
1311 989 1498 1024 involucris
1522 991 1618 1035 apice

106 1051 426 1094 laciniatowiliatis,
449 1051 640 1098 pedunculo
666 1052 807 1087 bicolore
824 1052 932 1098 piloso
958 1051 1030 1086 basi
1054 1050 1280 1093 involucrato,
1304 1050 1437 1095 jionde
1464 1048 1620 1083 obovato-

103 1109 245 1156 oblonya
270 1110 395 1145 Zobata.
1157 1115 1163 1121 ’

294 1182 503 1214 Marchantia
529 1182 773 1225 Domingensis
799 1180 842 1213 L.
870 1186 901 1213 et
927 1179 992 1223 Ly.
1020 1178 1058 1212 in
1085 1179 1202 1212 Lelzm.
1234 1178 1327 1222 Pit-(J.
1349 1179 1401 1225 pl.
1430 1180 1543 1226 VLp,
1562 1184 1619 1215 22.

378 1252 412 1273 n.
439 1242 473 1274 2.
527 1239 687 1274 Gottsche
713 1239 809 1272 Icon.
834 1238 964 1283 Hepat.
990 1239 1111 1271 incdit.

291 1290 499 1330 Mai-chaiitia
525 1299 774 1330 Martiniceusis
801 1296 884 1341 Spr.
913 1296 1023 1330 Herb.
1049 1294 1186 1339 (Hei-b.
1214 1295 1281 1339 Ly.
1308 1302 1339 1329 et
1366 1295 1440 1340 N.)

201 1368 360 1402 Habitat
385 1367 420 1401 in
450 1367 591 1401 Insulis
619 1367 674 1401 St.
704 1366 892 1410 Domingo
918 1371 955 1401 et
981 1366 1185 1400 Martinica
1213 1367 1305 1410 (Hb.
1333 1365 1376 1400 L.
1403 1370 1440 1399 et
1465 1367 1561 1412 Lg.).

195 1440 306 1474 Obs.
359 1437 606 1481 Receptaculi
633 1437 749 1471 forma
777 1436 965 1470 simillima
982 1436 1124 1470 Illarclz.
1152 1436 1276 1470 lineari
1290 1440 1326 1470 et
1341 1437 1482 1472 March.
1510 1450 1622 1472 emar-

101 1498 263 1541 yinatae,
307 1496 372 1530 sed
408 1496 531 1530 differt
568 1501 694 1530 nostra
731 1495 1006 1529 involucrorum
1047 1495 1215 1538 margine
1259 1495 1625 1536 laciniato-ciliatO,

108 1556 237 1590 fronde
262 1556 423 1590 obovata
450 1555 515 1589 vix
541 1555 764 1595 dichotoma‚
792 1555 916 1588 colore
943 1558 1110 1588 saturate
1137 1554 1268 1594 viridi,
1304 1555 1517 1598 pedunculo
1544 1555 1625 1588 basi

107 1615 337 1648 involucrato
365 1613 689 1658 paleaceo-piloso
717 1613 891 1654 bicolore,
918 1613 1147 1657 receptaculi
1174 1613 1288 1648 radiis
1307 1613 1490 1658 contiguis
1516 1613 1626 1647 dorso

103 1674 242 1707 minute
268 1672 469 1717 papillatis,
496 1671 705 1715 periantbio
731 1676 1039 1715 purpurascente.

383 1781 440 1812 16.
489 1778 834 1812 Mai-chautim
855 1777 1073 1824 globosa
1107 1776 1209 1810 Brid.
1236 1780 1343 1810 msct.

199 1848 254 1882 M.
294 1847 502 1893 receptaculo
529 1847 686 1893 femineo
716 1847 961 1882 subdimidiato
993 1859 1134 1880 convexo
1168 1845 1218 1880 11
1246 1866 1262 1871 -
1290 1845 1343 1880 12
1368 1866 1383 1872 -
1396 1848 1479 1892 fido
1509 1851 1621 1885 radiis

102 1907 385 1941 ‹meato-obtusis
409 1906 644 1952 inaequalibus
668 1906 897 1948 crenatilobis,
923 1905 1107 1939 involueris
1131 1906 1225 1950 apice
1249 1906 1619 1949 crenulato-clentatis‚

102 1967 219 2000 subtus
247 1964 503 2012 pedunculoque
535 1964 719 2010 pilo-sedis,
765 1964 983 2011 receptaculis
1029 1963 1191 1998 masculis
1227 1965 1420 1999 dimidiatis
1458 1968 1619 2012 octqfi'clis,

92 2026 223 2070 fronde
246 2024 433 2060 sublimari
459 2024 662 2058 (Iiclzotoma.

295 2096 504 2128 Marchantia
531 2095 675 2137 globosa
710 2094 816 2128 Brid.
850 2100 949 2128 msct.
983 2094 1021 2127 in
1055 2093 1146 2126 Web.
1174 2093 1307 2128 Prodr.
1335 2105 1373 2138 p.
1411 2096 1489 2128 102.
1523 2106 1557 2131 n.
1585 2098 1619 2129 2.

296 2154 487 2187 Grimaldia
512 2155 714 2187 Delessertii
741 2152 858 2186 ffiIont.
909 2151 967 2197 Cf.
995 2152 1139 2197 Synops.
1169 2151 1262 2196 Hep.
1283 2163 1322 2196 p.
1347 2155 1429 2186 536.
1455 2165 1489 2186 n.
1516 2155 1574 2186 24.

200 2222 360 2275 Habitat
391 2222 427 2256 in
461 2222 589 2256 Insula
616 2222 805 2257 Borbonia
840 2222 962 2266 (Bory
988 2222 1034 2256 de
1062 2222 1116 2256 St.
1145 2221 1340 2265 Vincent).

202 2303 345 2338 Similis
371 2303 427 2337 M.
455 2303 685 2348 Dominyensi
709 2308 745 2338 et
770 2304 935 2349 inflexae,
970 2303 1035 2338 sed
1070 2303 1193 2338 differt
1222 2305 1449 2347 receptaculi
1474 2306 1621 2341 feminei

108 2362 311 2397 excentrici
345 2361 494 2406 quidem
543 2362 608 2396 sed
654 2362 732 2396 sere
766 2362 985 2397 orbicularis
1027 2362 1144 2397 radiis
1182 2362 1444 2406 inaequalibus
1479 2363 1622 2407 apicem

110 2432 238 2456 versus
266 2421 375 2455 valde
401 2420 568 2455 dilatatis
594 2424 632 2455 et
656 2421 842 2464 contiguis
869 2421 1004 2456 retusis
1030 2422 1229 2466 saepiusve
1258 2421 1621 2465 repando-trilobis,

109 2480 189 2514 basi
215 2479 492 2521 dissitiusculis,
519 2480 767 2523 receptaculis
794 2480 1012 2514 masculinis
1039 2480 1288 2515 conformibus
1315 2478 1481 2514 octofidis
1508 2480 1621 2514 radiis

108 2537 339 2571 tenuioribus
372 2538 491 2582 magis
533 2538 772 2573 distantibus.
830 2539 948 2573 Frons
990 2549 1056 2582 per
1099 2538 1358 2573 innovationes
1398 2537 1621 2581 irregularis,

109 2606 181 2629 non
207 2595 355 2631 definite
381 2596 543 2631 linearis.
594 2597 836 2632 Pedunculus
863 2608 975 2641 parce
1001 2598 1155 2641 pilosus,
1188 2597 1266 2632 basi
1293 2598 1598 2641 subsquamosus.

374 2705 430 2736 17.
478 2703 822 2738 marchantia
847 2703 1158 2747 tholophora
1185 2702 1361 2737 Bischoff.

206 2771 262 2805 M.
290 2772 496 2816 receptaculo
510 2773 664 2818 sentiaco
687 2775 876 2808 excentrica
901 2772 928 2808 8
939 2795 954 2800 -
969 2773 1164 2808 9-mdtato
1200 2772 1536 2807 conice-umbonum
1559 2785 1623 2819 pa—

104 2828 232 2875 pillum
277 2829 396 2864 subtus
434 2830 529 2875 lonqe
571 2831 733 2875 barbato,
770 2835 882 2868 radiis
915 2832 1229 2877 arcuato-deflexis
1262 2833 1308 2866 acl
1338 2833 1488 2866 medium
1523 2844 1626 2877 usque

111 2888 267 2921 connexis
300 2888 395 2934 apice
428 2889 586 2925 dilatatis
621 2892 908 2937 emarye'natisque
942 2890 1167 2933 imberbibus,
1208 2890 1393 2925 involucris
1420 2890 1625 2936 pleiocaipz's

1267 2972 1356 3000 34*
