1824 3252
741 163 946 198 Frullania.
1528 166 1602 198 439

140 291 185 321 γ,
222 277 429 325 Hispanica,
454 277 575 317 maior,
596 277 698 308 ramis
725 276 947 309 inferioribus
974 277 1163 317 attenuatis,
1189 276 1280 309 foliis
1307 276 1468 309 omnibus
1493 279 1601 310 acutis

225 338 479 376 acuminatisve,
501 336 661 368 auriculis
675 336 830 379 pluribus
858 338 1014 377 evolutis,
1039 335 1231 380 perianthio
1257 344 1294 368 ut
1319 337 1352 368 in
1378 346 1414 367 κ.

357 396 530 428 Frullania
563 395 733 438 hispanica
771 395 819 429 N.
845 394 888 428 ab
915 394 964 429 E.
991 395 1085 440 Hep.
1111 394 1205 429 Eur.
1233 394 1309 429 III.
1336 407 1376 441 p.
1397 396 1482 429 236.
1516 397 1600 429 216.

415 467 450 488 n.
478 457 533 488 13.
571 453 640 487 IV.
661 466 700 499 p.
728 453 814 488 LX.
867 454 1112 497 (Perianthium
1140 455 1295 498 margine
1321 454 1485 487 scabrum
1521 464 1602 486 casu

416 513 597 547 videbatur
635 513 795 556 laesum).

356 574 625 616 Jungermannia
650 574 838 605 Tamarisci
864 572 998 605 Sardoa
1023 571 1081 605 De
1097 572 1244 606 IVotaris
1268 571 1292 606 l.
1318 585 1348 607 c.
1369 585 1409 619 p.
1430 575 1485 607 12.
1510 583 1549 608 n.
1564 574 1601 606 7.

164 651 201 687 δ,
230 646 453 685 Americana,
478 645 569 676 foliis
596 645 666 676 sere
694 643 855 675 omnibus
882 644 1030 684 obtusis,
1058 644 1218 676 auriculis
1243 645 1418 688 plerisque
1446 644 1601 684 evolutis,

226 705 474 750 amphigastriis
499 704 732 746 planiusculis.

162 788 198 818 ε,
224 781 448 815 commutata,
491 774 581 805 foliis
619 774 727 815 magis
767 771 924 811 deflexis,
977 773 1244 805 involucralibus
1290 773 1601 816 subintegerrimis,

225 834 469 876 amphigastriis
509 833 650 864 caulinis
683 832 778 874 apice
813 832 921 873 magis
956 842 1061 873 quam
1093 833 1250 874 margine
1283 833 1413 864 laterali
1455 832 1600 872 reflexis,

223 893 394 923 nonnullis
420 891 591 922 levissime
620 891 852 930 emarginatis.

355 949 527 981 Frullania
545 956 755 979 commutata
771 946 845 980 Hb.
863 947 911 982 N.
927 947 969 981 ab
980 948 1026 981 E.
1041 967 1087 973 —-
1104 948 1265 982 Gottsclie
1279 948 1330 982 Ic.
1346 947 1464 981 Frull.
1482 947 1600 981 incdit.

160 1008 197 1052 ζ,
225 1007 326 1049 laxa,
354 1009 444 1039 soliis
471 1006 740 1038 subdistantibus
768 1007 857 1037 linea
884 1007 1110 1038 monilisormi
1138 1019 1238 1050 saepe
1267 1008 1438 1048 obsoleta,
1466 1006 1602 1049 amphi-

221 1069 355 1110 gastriis
381 1068 586 1110 plerumque
613 1065 943 1098 rotundo-obovatis
970 1068 1124 1110 margine
1152 1066 1244 1098 hand
1264 1068 1396 1098 reflexis
1422 1067 1600 1099 involucro

222 1128 358 1171 parcius
384 1134 526 1157 serrato.

175 1196 335 1231 Habitat
360 1195 397 1229 in
423 1195 514 1230 locis
540 1194 759 1241 praesertim
785 1195 964 1230 montosis
991 1200 1027 1231 et
1054 1195 1264 1240 subalpinis
1283 1195 1398 1231 totius
1413 1195 1600 1238 Europae,

79 1257 117 1291 in
144 1257 317 1290 Caucaso
345 1255 528 1297 orientali,
556 1256 592 1289 in
613 1255 787 1289 America
820 1255 1102 1298 septentrionali
1129 1260 1166 1289 et
1192 1254 1230 1288 in
1259 1253 1433 1288 Madeira
1456 1252 1601 1294 insula;

79 1327 156 1350 var.
182 1318 203 1356 β
242 1315 287 1348 ad
324 1325 434 1359 rupes
467 1315 506 1348 in
544 1314 743 1348 Sardiniae
777 1313 972 1348 maritimis
1006 1313 1083 1357 (De
1111 1312 1302 1357 Notaris),
1342 1314 1379 1348 in
1406 1312 1603 1348 Lusitania.

76 1374 201 1417 (Link,
242 1374 317 1407 Hb.
345 1374 497 1418 Web.);
533 1373 591 1413 {3³³-
626 1372 663 1407 in
692 1373 843 1407 Corsica
879 1373 1000 1406 insula
1036 1372 1265 1416 (Soleirol.);
1300 1385 1326 1413 ’γ
1358 1373 1396 1407 in
1423 1372 1515 1408 locis
1542 1373 1597 1406 al-

77 1433 174 1477 pinis
203 1433 432 1478 Hispaniae:
469 1433 593 1467 Gillon
627 1433 665 1466 in
700 1433 853 1467 Asturia
887 1432 1090 1477 (Durieu),
1134 1434 1180 1466 ad
1208 1443 1320 1477 rupes
1346 1433 1383 1467 in
1409 1432 1600 1468 montibus

77 1492 276 1526 Sardiniae
326 1492 501 1526 australis
555 1491 632 1535 (De
683 1491 873 1537 Notaris);
940 1489 957 1522 δ
1007 1491 1042 1526 in
1094 1491 1267 1526 America
1317 1490 1602 1536 septentrionali

76 1552 274 1595 (Beyrich,
309 1552 385 1586 Hb,
415 1552 494 1595 Hp.
530 1562 566 1586 n.
599 1552 698 1595 164);
748 1563 762 1583 ε
796 1550 833 1584 in
862 1550 1066 1585 Peninsula
1101 1551 1235 1585 Indiae
1275 1551 1406 1585 orient.
1436 1550 1599 1595 (Wight‚

79 1609 155 1644 Hb.
185 1610 269 1655 N.);
296 1622 372 1646 var.
401 1609 423 1653 ζ
450 1611 487 1644 in
502 1611 632 1644 Insula
645 1610 814 1652 Norfolk‚
832 1610 960 1644 Sitcha
985 1609 1081 1654 (Hb.
1109 1610 1463 1655 Acad.Petr0pol.).
1514 1609 1600 1643 Alia

79 1668 195 1703 forma
229 1670 334 1704 adest
366 1681 415 1704 ex
452 1670 583 1704 eodem
619 1670 700 1703 loco
735 1669 853 1703 natali
888 1668 1111 1711 confertior,
1147 1669 1306 1704 obscure
1341 1668 1469 1711 fusca,
1500 1667 1599 1702 foliis

78 1727 246 1770 pluribus
280 1729 442 1772 obtusis,
481 1730 674 1764 involucro
717 1729 793 1762 fere
834 1728 1095 1772 integerrimo,
1142 1739 1239 1773 quae
1280 1728 1327 1763 ob
1349 1727 1600 1772 perianthium
1657 1753 1663 1757 .

78 1797 249 1822 mancum
268 1789 368 1822 haud
393 1792 494 1824 certo
521 1789 758 1823 determinari
785 1792 920 1832 potest.

446 1903 504 1935 61.
554 1900 845 1937 Frullania
869 1909 1089 1936 nervosa
1116 1901 1236 1936 Mont.

172 1976 239 2010 Fr.
273 1976 367 2010 cizule
398 1984 534 2022 repen-te
559 1978 737 2022 pimzatim
772 1978 1018 2023 bipinnatimz·e
1050 1990 1183 2012 ramoso
1207 1977 1355 2012 ramulis
1380 1977 1598 2020 brevissimis,

65 2034 171 2080 foliis
201 2034 333 2080 oblique
365 2034 700 2070 ovato-orbiculatis
729 2035 857 2070 obtusis
890 2038 1120 2082 inteqerrimis
1152 2039 1305 2072 concavis
1339 2037 1430 2071 linea
1462 2036 1600 2082 obliqua

76 2093 274 2128 catenulam
314 2094 517 2128 cellularum
555 2096 683 2129 notatis
713 2095 976 2141 (subnewcosis)
1019 2096 1180 2130 auricula
1209 2096 1301 2131 ovali
1332 2110 1355 2130 a
1387 2096 1483 2130 caule
1517 2095 1598 2130 sub—

75 2154 224 2186 distante
248 2152 399 2198 obliqua,
425 2154 685 2199 amphiyascriis
709 2155 914 2197 imbricatis,
941 2155 1089 2190 caulinis
1116 2155 1185 2190 late
1209 2157 1317 2190 ovutis
1342 2155 1416 2190 basi
1440 2157 1599 2190 convexi-

76 2210 204 2244 usculis
227 2214 382 2257 mat-gline
405 2213 531 2258 reflexo
554 2214 777 2260 subrepmzdis
808 2217 996 2260 rameisque
1033 2214 1354 2259 oblonyo-obovatis
1379 2214 1496 2259 bifidis
1519 2216 1599 2250 sinu

75 2277 186 2312 acuto,
213 2270 349 2305 laciniis
373 2264 624 2316 divevyentibus
647 2273 899 2308 obtusiusculis.
952 2274 1110 2307 Gottsclze
1133 2274 1228 2307 Icon.
1243 2272 1410 2307 Frullan.
1427 2273 1548 2308 incdit.

266 2331 438 2363 Frullania
464 2344 608 2365 nervosa
635 2333 753 2368 BIont.
780 2335 818 2367 z'n
846 2333 972 2368 Berm.
999 2341 1031 2368 ct
1052 2332 1152 2367 Webb
1180 2333 1244 2367 Isl.
1263 2333 1349 2367 Can.
1376 2332 1462 2367 Boc.
1481 2345 1521 2379 p.
1535 2335 1595 2366 55.

172 2402 276 2436 Inter
293 2402 416 2437 foliola
433 2402 536 2437 thalli
548 2403 886 2448 Cladoniaeyrcwilis
903 2404 1380 2452 microplzyllae(Cenomyces
1393 2403 1598 2438 cervicornis

76 2459 182 2499 Aah.)
210 2465 310 2495 arcte
336 2466 524 2506 repentem
544 2462 582 2497 in
599 2463 736 2497 Insulis
749 2463 921 2498 Canariis
942 2464 1113 2508 legerunt
1133 2465 1191 2498 cll.
1208 2463 1400 2498 Berthelot
1416 2465 1453 2496 et
1468 2461 1595 2497 Webb

75 2521 168 2562 (Hb.
196 2522 250 2556 M.
277 2526 314 2555 et
341 2521 408 2567 N.)

172 2591 283 2626 Color
308 2593 448 2629 fuscus.
501 2593 730 2628 Cellularum
756 2596 892 2628 catena
919 2605 939 2628 a
965 2593 1047 2628 basi
1074 2594 1120 2629 ad
1142 2592 1383 2628 insertionem
1404 2592 1594 2628 auriculae

78 2649 227 2694 oblique
250 2652 412 2686 medium
439 2657 477 2687 et
503 2652 647 2698 apicem
668 2664 797 2689 versus
824 2653 998 2697 decurrit,
1026 2665 1145 2699 neque
1161 2653 1305 2697 apicem
1327 2663 1415 2687 vero
1431 2652 1593 2696 attingit.

78 2708 222 2742 Coloris
248 2713 303 2743 est
328 2712 562 2747 saturatioris
587 2717 625 2747 et
650 2724 670 2748 e
696 2713 840 2749 cellulis
866 2714 1070 2749 maioribus
1091 2713 1128 2748 in
1155 2713 1250 2748 serie
1276 2712 1434 2756 simplici
1461 2712 1590 2756 dispo·

76 2767 158 2803 sitis
183 2773 340 2804 constat.

171 2840 204 2874 A
231 2840 421 2876 Frullania
444 2843 628 2879 moniliata
651 2845 744 2880 haec
770 2845 916 2890 species
942 2856 1015 2881 non
1033 2845 1155 2880 differt
1178 2843 1250 2878 nisi
1269 2841 1366 2878 foliis
1384 2841 1533 2877 muticis
1555 2846 1593 2878 et

76 2899 353 2944 amphigastriis
378 2900 584 2938 imbricatis
610 2903 733 2940 minus
759 2904 913 2950 patulis.
963 2906 1022 2941 An
1049 2906 1188 2940 formae
1205 2903 1372 2939 eiusdem
1391 2899 1553 2945 speciei!
