1824 3252
800 154 988 198 Lejeunia.
1591 160 1661 192 327

234 268 262 307 δ,
283 269 448 314 pinnata,
475 269 569 298 caule
596 270 746 310 pinnato,
774 269 864 299 foliis
890 277 925 300 ut
951 269 983 299 in
1008 277 1031 297 α
1058 267 1118 299 sed
1146 279 1224 299 curn
1250 267 1499 311 amphigastriis
1527 269 1662 301 brevius

291 328 472 368 minusque
500 334 592 358 arcte
619 326 977 368 spinuloso—deutatis,
1001 326 1158 369 pluribus
1185 327 1427 369 integerrimis.

243 395 426 429 Habitant
459 395 598 428 formae
631 407 653 427 οι
687 397 724 428 et
756 398 778 436 β
812 395 849 429 in
885 395 1099 438 regionibus
1133 395 1286 440 tropicis
1322 396 1369 430 ad
1405 396 1540 433 Musae
1574 399 1663 433 folia

146 454 244 497 (Hb.
274 453 406 490 Web.‚
434 453 499 496 Lg.
527 458 564 486 et
593 453 680 497 N.);
719 453 835 488 forma
861 467 882 486 οι
910 454 1021 488 etiam
1050 455 1086 488 in
1116 454 1188 489 alio
1215 465 1262 489 ex
1291 455 1513 499 Hispaniolu
1541 457 1663 491 insula

147 505 272 546 adlato
296 512 390 554 (Hb.
419 512 492 555 Hp.
520 516 557 546 et
585 512 672 556 N.);
710 515 731 554 β
762 513 798 545 in
825 513 1016 547 frondibus
1048 513 1184 548 filicum
1217 524 1263 547 ex
1293 514 1408 549 Insui.
1437 515 1662 560 Guadalupa

146 582 228 604 cum
257 572 423 617 Lejeunia
438 571 628 614 Mouyeotii
653 571 745 615 (Hb.
773 572 953 614 Mougeot
979 583 1013 605 n.
1029 573 1138 613 272).
1191 573 1326 606 Forma
1351 584 1376 612 ’γ
1402 572 1597 615 calestram,
1624 574 1660 608 in

148 629 250 663 silvis
286 630 595 673 Cayennensibus
628 634 664 663 et
697 630 1028 665 Surinamensibus
1060 631 1257 674 (Leprieur
1292 637 1328 665 et
1363 631 1593 675 Splitgerber
1624 633 1661 667 in

151 689 225 723 Hb.
256 689 328 729 M.‚
358 689 423 729 N.,
463 689 503 722 L.
530 693 566 722 et
593 689 688 731 Lg.).
758 690 848 723 Var.
883 695 900 728 δ
927 691 1076 735 pinnata
1113 689 1150 723 in
1189 690 1286 724 foliis
1323 690 1462 725 Dareae
1496 691 1662 725 sih-arum

149 757 263 790 prope
291 747 371 781 Sta.
398 749 509 781 Anna
541 748 722 782 Brasiliae
748 748 925 792 (sseyrich
952 749 988 782 in
1015 748 1091 782 Hb.
1119 749 1184 791 Lg.
1213 754 1248 782 et
1278 749 1356 793 N.).

243 817 376 851 Forma
403 829 437 859 oc,
456 818 596 864 pallida
622 818 782 852 tenerior
808 822 883 858 est,
918 829 1029 862 parce
1058 829 1216 853 ramosa.
1268 818 1373 853 Folia
1400 825 1487 855 sunt
1512 822 1661 867 oblique

146 875 352 909 orbiculata
379 880 443 909 aut
467 877 849 916 ovato-orbiculata,
886 876 1052 918 margine
1079 877 1216 911 dorsali
1246 878 1467 920 rotundam,
1505 882 1661 915 ventrali

146 935 366 968 rectiuscula
406 934 560 978 basique
600 935 822 969 decurrente
863 934 899 968 in
941 935 1106 968 lobulum
1145 936 1337 970 dentatum
1375 937 1511 970 inflexa
1556 937 1661 981 apice

144 993 250 1026 iuxta
291 993 492 1036 marginem
537 994 759 1033 ventralem‚
809 993 1012 1038 quippequi
1053 994 1171 1037 magis
1213 1000 1355 1034 rectus,
1405 997 1660 1037 acutiuscula,

143 1062 230 1095 pars
267 1052 408 1096 reliqua
443 1051 611 1086 eiusdem
648 1053 824 1095 marginis
862 1053 948 1086 inde
985 1063 1004 1086 a
1040 1051 1165 1087 lobulo
1202 1053 1236 1086 in
1271 1055 1457 1099 plerisque
1485 1066 1557 1089 uno
1584 1057 1662 1090 solo

143 1109 315 1154 binisque
342 1111 518 1144 dentibus
545 1111 631 1144 latis
659 1111 903 1156 lacinulisque
931 1111 1090 1145 subinde
1119 1112 1267 1145 inflexis
1293 1116 1349 1146 est
1375 1114 1566 1156 praedita3
1593 1124 1661 1147 nec

144 1181 226 1204 raro
259 1169 385 1203 solium
427 1171 532 1214 apice
573 1170 793 1212 inflectitur;
834 1181 960 1213 margo
994 1169 1170 1211 dorsalis,
1208 1170 1455 1215 inaequaliter
1488 1172 1657 1215 spinoso-

142 1228 318 1262 dentatus
348 1234 581 1268 serratusve,
617 1228 791 1263 dentibus
818 1228 937 1271 magis
965 1229 1131 1263 minusve
1159 1229 1345 1263 consertis.
1399 1231 1661 1277 Amphiyastria

143 1288 241 1321 haud
268 1288 474 1327 imbricata,
505 1288 726 1329 orbiculata,
756 1298 839 1321 raro
865 1287 1163 1328 subreniformia,
1193 1288 1271 1321 basi
1300 1287 1542 1329 denticulata,
1568 1289 1657 1322 den-

142 1346 242 1380 tibus
275 1346 490 1380 lacinulisve
525 1346 755 1388 latiusculis,
800 1346 965 1389 margine
1004 1357 1140 1390 supero
1174 1346 1411 1389 integerrimo
1437 1348 1659 1383 subreflexo.

145 1404 244 1438 Raro
287 1405 553 1449 amphigastria
594 1411 670 1439 tota
710 1404 972 1447 integerrima,
1013 1409 1076 1438 aut
1113 1405 1224 1438 etiam
1260 1409 1338 1439 tota
1373 1405 1526 1440 dentata
1562 1413 1659 1440 sunt.

143 1463 388 1497 Per-ianthium
414 1469 454 1497 ut
479 1464 514 1498 in
544 1464 695 1509 reliquis
720 1464 912 1504 omnibus,
953 1464 1095 1508 apicem
1130 1475 1260 1498 versus
1297 1465 1332 1498 in
1363 1471 1518 1510 utroque
1547 1466 1660 1500 latere

146 1522 204 1556 ala
230 1523 559 1566 spinoso-dentata
585 1529 641 1558 est
667 1523 889 1567 praeditum.

238 1581 370 1614 Forina
398 1582 431 1622 β,
447 1582 574 1627 fusca,
601 1582 713 1625 paulo
739 1581 856 1614 maior
882 1585 956 1621 est,
984 1580 1079 1614 foliis
1106 1582 1292 1626 plerisque
1321 1583 1548 1625 longioribus
1576 1584 1657 1627 api-

147 1649 225 1672 cem
253 1650 381 1674 versus
407 1641 527 1683 magis
555 1642 769 1681 attenuatis,
797 1640 961 1682 margine
991 1640 1144 1673 ventrali
1175 1641 1400 1685 frequentius
1427 1644 1602 1686 repando.

242 1698 376 1732 Forma
402 1707 447 1738 γ,
473 1698 671 1741 calcar-ata,
707 1699 846 1733 formae
873 1697 895 1735 β
920 1697 1108 1732 maximae
1135 1704 1191 1732 est
1217 1710 1401 1742 congrua,
1435 1713 1501 1736 nec
1529 1704 1661 1739 differt,

146 1756 216 1790 nisi
244 1761 388 1791 statura
414 1758 552 1792 maiore
581 1761 617 1791 et
644 1757 919 1801 amphigastriis
946 1757 1098 1791 densius
1127 1759 1410 1801 adproximatis.

241 1816 373 1849 Forma
401 1824 431 1857 δ,
457 1817 628 1861 pinnata,
664 1816 783 1850 minor
810 1820 866 1850 est
892 1820 929 1849 et
955 1816 1077 1850 differt
1103 1817 1228 1852 habitu
1258 1819 1439 1861 crispulo,
1477 1820 1658 1853 ramifica-

144 1873 243 1907 tione
270 1873 445 1917 pinnata,
480 1875 655 1908 dentibus
691 1875 858 1908 soliorum
900 1875 1141 1917 paucioribus
1175 1876 1474 1920 minoribusque,
1515 1877 1656 1919 amphi-

142 1931 362 1972 gastriorum
391 1932 585 1966 subnullis.

437 2027 495 2058 36.
547 2025 806 2070 Lejeunia
832 2026 1077 2060 tortuosa
1109 2025 1149 2059 L.
1178 2030 1214 2059 et
1240 2026 1358 2069 Ldbg.

234 2097 276 2129 L.
315 2096 408 2130 caule
441 2102 574 2140 repente
596 2095 747 2141 flac-eido
780 2108 936 2136 ramoso,
959 2096 1063 2140 foliis
1097 2096 1352 2130 suhimbricatis
1385 2096 1517 2142 oblique
1552 2098 1659 2130 vualis

138 2153 301 2197 elonyatis
326 2154 671 2200 undalum-flexuosis
695 2154 823 2189 obtusis
847 2155 1194 2201 spinuloso-deutatis
1219 2155 1291 2189 basi
1316 2155 1526 2200 complicatis
1550 2155 1658 2189 Iobulo

140 2212 258 2257 inflato
283 2214 439 2253 dentato,
474 2213 734 2258 ampliiyascriis
759 2213 1010 2248 remociaseulzjs
1036 2214 1158 2259 parvis
1191 2213 1391 2247 orbiculatis
1426 2222 1494 2248 lodo
1526 2215 1655 2248 andn'tu

138 2271 367 2310 denticulatis,
384 2272 515 2316 fructu
542 2298 548 2304 .
578 2298 585 2305 .
616 2298 622 2305 .
676 2272 834 2306 Gottselze
862 2273 959 2306 Icon.
989 2273 1067 2318 qu.
1097 2273 1146 2305 II.
1179 2276 1232 2306 14.

328 2333 594 2372 Jungermannia
625 2341 775 2363 tortuosa
804 2332 846 2364 L.
863 2338 895 2365 et
910 2332 975 2375 Ly.
993 2333 1027 2364 in
1046 2331 1164 2364 Lehm.
1179 2331 1271 2375 thy.
1284 2331 1335 2376 pl.
1354 2326 1537 2376 lV.p.5o.
1552 2345 1583 2363 n.
1601 2334 1653 2365 17.

211 2391 245 2428 β,
274 2389 406 2431 viriclls,
435 2391 558 2421 minor.

413 2450 681 2490 Jungeunannia
709 2449 968 2492 pliyllogenides
996 2449 1102 2483 Brid.
1131 2449 1242 2482 Herb.

230 2519 388 2552 Habitat
414 2529 493 2552 var.
520 2530 541 2550 α
568 2519 603 2552 in
621 2518 755 2552 Oware
769 2519 916 2553 Africae
942 2519 1184 2553 occidentalis
1201 2519 1457 2563 (Hb.Ldbg.).
1509 2520 1598 2553 Var.
1617 2523 1649 2561 β,

137 2576 274 2617 viridis,
315 2577 352 2611 in
389 2578 474 2612 folio
510 2577 605 2611 Cim
630 2578 825 2619 Amr-antii,
860 2590 880 2612 e
917 2578 1111 2613 Portorico
1145 2589 1165 2611 a
1195 2577 1361 2612 Balbisio
1397 2579 1465 2612 sub
1502 2579 1649 2613 nomine

135 2635 312 2678 szyerm.
338 2638 522 2680 vayivzatae
548 2637 673 2670 adlata
699 2636 792 2679 (Hb.
825 2637 991 2681 Bridel.).

229 2693 356 2727 Cauiis
382 2695 561 2736 uncialis,
588 2696 858 2739 procumbens,
886 2695 1082 2736 flaccidus,
1109 2694 1251 2729 fibrillis
1280 2694 1508 2728 brevissimis
1534 2705 1645 2737 spon-

134 2751 241 2793 giolis
268 2753 438 2787 suctoriis
465 2755 640 2789 subfultis
666 2758 785 2789 terrae
813 2755 868 2788 vel
889 2755 1027 2788 muscis
1048 2755 1267 2792 adhaerens,
1296 2753 1446 2787 ramulis
1465 2753 1648 2787 nonnullis

135 2810 310 2843 brevibus
331 2812 533 2854 praeditus,
563 2814 699 2848 fuscus.
749 2813 1039 2847 Foliainferiora
1061 2813 1214 2849 minora,
1243 2812 1431 2850 distantia,
1458 2811 1646 2854 superiora

134 2872 234 2902 arcte
261 2868 476 2911 imbricata,
502 2872 809 2915 semiverticalia,
837 2872 985 2916 oblique
1013 2876 1143 2912 ovata,
1179 2872 1365 2911 flexuosa,
1404 2879 1529 2912 margo
1557 2869 1642 2903 dor-
