1824 3252
822 174 931 204 XIII

122 294 373 342 Haslcarl.
461 289 736 354 Hepaticas
790 289 841 335 in
898 287 1110 334 diversis
1164 286 1335 333 Indiae
1379 287 1639 333 orientalis

119 385 426 434 continentis
479 382 804 447 regionibuS,
864 380 1161 443 praesertim
1228 379 1280 426 in
1339 380 1641 444 Himalayae

118 479 241 542 iugo
303 484 603 531 crescentes,
682 472 899 521 Wallz'cloe
957 480 1008 519 et
1071 472 1257 539 Wigkt
1309 474 1639 529 obtulerunt3

118 572 202 626 iis,
273 587 406 635 quae
463 567 661 632 pridem
730 567 795 613 ab
855 565 969 613 aliis
1039 584 1100 614 ex
1169 567 1310 614 Nova
1364 567 1641 614 Hollandia

120 672 409 729 reportatae
454 648 617 714 sunt,
690 660 950 708 Preissz'us
1013 668 1182 706 noster
1241 660 1531 724 complures
1590 659 1641 705 in

119 759 274 821 plaga
312 756 463 803 huius
499 763 661 801 terrae
687 751 992 800 occidentali
1022 753 1180 800 lectas
1204 753 1410 815 adjecit,
1439 755 1524 802 rel.
1553 755 1639 802 rel.

120 852 351 901 Quorum
390 847 619 895 omnium
667 845 874 893 nomina
924 845 974 892 in
1018 845 1170 893 fidem
1222 847 1452 894 locorum
1504 856 1644 894 nata-

118 942 244 989 lium
293 941 562 1005 speciebus
599 938 901 1003 singulatim
945 937 1242 986 additor-um
1289 948 1436 1003 grato
1473 940 1642 987 animo

119 1033 492 1082 laudabuntur.

255 1126 405 1178 Quod
431 1126 496 1174 ad
527 1126 774 1174 rationem
802 1123 1057 1172 scribendi
1087 1125 1288 1182 attinet,
1315 1126 1435 1173 haec
1467 1127 1643 1182 habeo,

121 1237 253 1283 quae
289 1220 560 1284 attingam.

258 1327 455 1376 Genera
514 1344 615 1375 non
669 1327 848 1391 paucis
902 1327 1066 1375 verbis
1119 1327 1398 1375 indicanda
1453 1329 1537 1376 sed
1594 1328 1644 1375 in

124 1419 417 1468 universum
475 1422 718 1486 pluribus
778 1421 1085 1486 exponenda
1142 1440 1244 1470 esse
1300 1423 1642 1470 censebamus.

122 1514 355 1566 Quorum
393 1516 687 1579 complura,
742 1517 1027 1563 multarum
1073 1516 1357 1579 specierum
1411 1516 1645 1563 examine

121 1609 256 1656 hunc
301 1609 354 1656 in
406 1610 558 1656 finem
593 1627 623 1656 a
657 1610 935 1656 Gottscheo
969 1608 1233 1664 instituto,
1283 1616 1497 1672 propter
1534 1610 1645 1655 cha-

122 1709 376 1748 racterum
397 1703 451 1748 in
476 1718 635 1749 unum
657 1701 1067 1764 colligendorum
1088 1700 1385 1748 varietatem
1407 1702 1645 1764 paullum

123 1794 332 1858 quidem
357 1794 639 1849 extenuari,
667 1792 754 1841 sed
780 1793 933 1841 etiam
971 1803 1181 1841 naturae
1213 1794 1493 1841 creationes
1533 1812 1647 1841 suas

122 1904 296 1934 omnes
324 1886 687 1934 communibus
712 1886 914 1949 legibus
948 1886 1289 1950 obstringenti
1330 1888 1492 1951 magis
1528 1906 1644 1936 con—

123 1980 378 2029 venientia
416 1979 612 2027 restitui
651 1978 909 2027 videntur.

257 2087 552 2152 Specierum
582 2086 782 2152 pridem
821 2087 886 2134 ab
921 2087 1035 2134 aliis
1072 2090 1150 2135 vel
1179 2107 1208 2136 a
1238 2089 1493 2137 nobismet
1529 2090 1650 2152 ipsis

125 2181 177 2228 in
217 2181 364 2229 libris
400 2181 661 2246 impressis
696 2189 1115 2229 enumeratarum
1160 2184 1291 2231 solos
1339 2183 1651 2229 characteres

125 2275 390 2339 specificos
440 2291 558 2322 cum
603 2274 901 2340 synonymis
939 2277 1257 2341 praecipuis,
1313 2275 1492 2323 addita
1534 2277 1651 2323 hinc

125 2367 242 2414 inde
283 2368 422 2415 brevi
460 2369 829 2425 observatione,
867 2370 1235 2426 recensuimus;
1285 2387 1439 2418 novas
1474 2379 1654 2418 contra

128 2463 206 2509 vel
245 2462 488 2519 incertas,
538 2462 626 2509 ubi
667 2461 776 2509 fieri
816 2463 1006 2525 potuit,
1045 2463 1391 2528 descriptione
1425 2465 1650 2528 comple-

127 2554 256 2602 tiore
291 2562 341 2602 et
381 2557 684 2604 confirmare
728 2564 778 2603 et
815 2556 995 2604 melius
1038 2574 1293 2622 exponere
1328 2574 1537 2622 operam
1574 2556 1656 2604 de-

128 2647 313 2696 dimus.
392 2650 675 2699 Lehmamzi
707 2651 917 2716 Pugilli
946 2653 1243 2716 plantarum
1279 2650 1488 2697 l-Vll
1535 2666 1652 2697 cum

132 2740 365 2792 incendio
390 2744 768 2807 Hamburgensi
805 2744 1070 2794 notissimo
1110 2745 1365 2794 consumti
1394 2744 1510 2800 sint,
1548 2759 1656 2805 spe-
