1824 3252
141 182 187 212 78
750 173 1057 217 Jungermannia.

238 289 397 324 Habitat
422 289 459 323 in
487 286 660 322 Brasilia:
703 287 749 320 ad
785 286 940 320 Flumen
969 287 1223 328 Amazonum,
1258 286 1294 321 in
1330 287 1441 323 Prov.
1478 288 1657 323 Para'ensi

142 352 178 381 et
202 347 239 381 in
268 348 379 382 Prov.
408 348 596 382 Minarum
623 346 862 380 Generalium
894 345 941 378 ad
964 345 1101 390 Villam
1126 345 1278 381 Riccam
1305 346 1342 381 in
1370 351 1468 383 terra
1493 349 1658 384 micacea

142 406 322 449 (Martius
348 407 386 441 in
413 407 489 441 Hb.
517 416 594 449 reg.
621 406 772 439 Monac.
799 408 835 437 et
862 403 1005 447 Nees.).

238 479 343 513 Obs.
395 478 497 511 Odor
530 476 682 519 plantae
718 475 953 509 humectatae
990 475 1115 518 gravis
1151 477 1397 521 aromaticus,
1437 478 1513 512 fere
1546 482 1588 513 ut
1620 479 1657 513 in

141 536 322 582 Feyatella
348 537 471 572 conica.
525 536 636 570 Color
662 534 903 577 sanguineus.

259 647 293 676 7.
344 639 782 686 Junyermmmia
807 640 1142 674 einer-ascens
1168 639 1295 674 Lehm.
1323 644 1360 674 et
1386 641 1543 685 Lindbg.

234 713 273 748 J.
289 712 396 758 foliis
419 710 725 757 ovato-quadratis
746 710 1102 755 ematyinato-bffirlis
1126 710 1402 756 subcomplieatis
1425 712 1659 757 &meyer-rimis

134 773 327 820 pupillosis‚
355 771 427 805 loho
453 770 581 805 dorsalz‘
606 769 810 813 tlentfformi
835 776 934 803 acuto
958 769 1159 814 subinfleoeo,
1181 769 1332 804 ventrali
1357 771 1483 805 maiori
1506 772 1658 807 obtusiu-

139 833 231 867 scula
254 833 411 878 maryine
434 828 807 877 repmzdo-crenulaw,
822 829 954 874 fructu
981 854 988 862 .
1018 855 1026 863 .
1055 852 1064 860 .

330 892 376 926 L.
403 897 435 925 et
462 891 529 934 Ly.
557 890 594 923 in
621 889 741 922 Lehm..
770 889 863 933 va:
885 888 937 934 pl.
967 888 1035 923 lV.
1056 900 1093 933 p.
1120 891 1178 922 46.
1205 901 1239 923 77.
1273 892 1324 923 13.

331 949 495 985 Gottsche
521 949 573 983 Ie.
603 948 696 994 Hep.
722 948 811 981 ined.

234 1022 395 1058 Habitat
421 1020 458 1054 in
487 1019 595 1054 Nova
625 1017 831 1052 Hollandia
860 1017 955 1061 (Hb.
985 1018 1053 1062 L.).

235 1095 340 1130 Obs.
392 1092 575 1126 Foliorum
600 1094 752 1124 textura
785 1099 808 1122 a
841 1088 1112 1131 congeneribus
1147 1087 1255 1122 facile
1287 1088 1563 1133 distinguenda.
1615 1090 1659 1124 In

77 1171 80 1173 ·
139 1154 371 1198 marginibus
407 1151 577 1185 foliorum
614 1148 718 1183 vides
755 1148 914 1193 papillas
947 1148 1118 1188 conicas‚
1151 1147 1293 1182 centies
1329 1148 1408 1184 scil.
1446 1149 1554 1183 lentis
1589 1161 1659 1193 ope

137 1219 287 1255 auctas,
323 1211 422 1246 unde
457 1220 585 1252 margo
618 1208 835 1242 crenulatus
862 1211 1030 1251 apparet.
1082 1206 1230 1240 Similes
1257 1207 1414 1250 papillas
1439 1209 1476 1242 in
1503 1213 1660 1254 utraque

138 1273 309 1309 foliorum
335 1270 430 1305 facie
456 1269 594 1313 ubique
622 1267 815 1301 confertim
842 1278 994 1311 sparsas
1011 1266 1190 1306 invenies,
1218 1267 1316 1301 unde
1335 1267 1476 1308 folium,
1503 1268 1534 1301 si
1554 1278 1655 1302 com-

138 1330 357 1376 plicaveris,
391 1328 548 1363 similem
584 1325 784 1370 imaginem
817 1331 859 1359 ut
892 1336 1022 1369 margo
1049 1325 1206 1360 dorsalis
1234 1330 1298 1360 aut
1325 1327 1501 1362 ventralis
1528 1328 1659 1362 obser-

136 1391 255 1426 vatori
283 1389 439 1435 praebet
463 1386 692 1432 (Gottsche).

209 1499 242 1530 8.
292 1492 729 1540 Jvmqermmmia
754 1490 1176 1535 subcomplicata
1209 1489 1337 1524 Lehm.
1365 1493 1402 1524 et
1428 1489 1587 1533 Lindbg.

230 1567 269 1600 J.
294 1566 401 1612 foliis
434 1563 655 1599 verticalibus
682 1562 870 1597 imbricatis
907 1562 1042 1607 oblique
1070 1561 1293 1595 subrotundis
1328 1562 1483 1595 convexis
1505 1561 1657 1595 subcom-

131 1626 285 1673 plicatis‚
299 1625 457 1670 maryine
470 1622 619 1658 ventrali
632 1622 830 1656 rotundatis
842 1621 902 1655 sub
912 1622 1010 1667 apice
1024 1620 1589 1666 cmaryinato-biclentatis‚fi·uetu
1605 1646 1610 1652 .
1628 1645 1634 1652 .
1649 1644 1656 1653 .

205 1687 259 1719 a*
285 1687 505 1729 gemmipara.

329 1745 372 1778 L.
400 1749 432 1777 et
462 1743 529 1787 Lgs.
557 1742 595 1775 z'n
622 1740 744 1774 Lehm.
773 1740 868 1784 Puy.
891 1738 943 1784 pl.
969 1738 1061 1774 VII.
1082 1751 1120 1785 p.
1146 1741 1179 1774 4.
1207 1751 1242 1773 n.
1274 1743 1302 1772 l.

326 1802 490 1838 Gottsclaee
517 1801 570 1835 Ic.
596 1801 691 1845 Hep.
719 1800 811 1833 ined.

231 1873 389 1908 Habitat
414 1872 451 1906 in
479 1870 617 1904 Insulis
645 1868 827 1903 Marianis
852 1867 947 1912 (Hb.
975 1869 1016 1902 L.
1044 1871 1081 1901 et
1107 1868 1201 1911 Lg.).

230 1943 355 1978 Caules
379 1944 432 1976 4-
449 1944 471 1975 8
499 1941 561 1975 lin.
590 1939 709 1982 longi,
744 1938 1039 1978 adscendentes,
1066 1926 1325 1980 subsimplices
1351 1941 1417 1971 aut
1441 1937 1658 1972 innovando

134 2013 247 2047 parce
273 1999 420 2036 ramosi.
472 1999 577 2033 Folia
611 1998 787 2032 inferiora
819 1997 964 2031 minora
1001 1996 1195 2041 magisque
1230 1995 1430 2037 distantia3
1464 1996 1657 2040 superiora

135 2061 242 2095 valde
269 2068 452 2099 convexa,
479 2061 580 2091 arcte
606 2056 816 2098 imbricata,
841 2056 1084 2097 subrotunda,
1111 2055 1259 2090 deflexa
1286 2059 1323 2089 et
1345 2056 1654 2099 subcomplicata,

134 2120 299 2163 margine
337 2117 476 2153 dorsali
515 2116 712 2150 incurvata
750 2120 787 2149 et
824 2116 894 2149 sub
931 2115 1037 2159 apice
1069 2114 1536 2158 emarginato-bidentata
1570 2114 1652 2148 sinu

133 2178 368 2220 semilunari,
395 2176 542 2211 laciniis
568 2175 853 2210 conniventibus
880 2175 999 2208 acutis
1027 2174 1229 2208 obtusisve.
1282 2173 1385 2208 Color
1408 2175 1578 2208 foliorum
1605 2174 1653 2207 ad

134 2237 240 2272 basin
276 2236 428 2281 pulchre
463 2234 704 2278 sanguineus,
739 2233 844 2278 apice
881 2232 1255 2268 viridi-fuscescens.
1309 2233 1532 2268 Substantia
1559 2233 1648 2268 sub-

132 2306 300 2330 carnosa.
353 2295 398 2329 L.
426 2301 458 2328 et
486 2295 530 2328 L.
557 2294 580 2328 l.
609 2305 637 2327 c.

228 2366 341 2400 Obs.
393 2365 500 2400 Folia
524 2364 658 2399 intima
684 2363 839 2408 capituli
866 2362 1068 2397 terminalis
1098 2374 1171 2397 uno
1191 2364 1354 2398 alterove
1374 2363 1480 2407 apice
1497 2362 1651 2396 cellulas

132 2424 434 2469 pulveriformes,
477 2435 572 2469 quas
607 2422 966 2468 Spermatocystidia
998 2422 1146 2464 dicunt,
1194 2422 1339 2465 fovent,
1378 2433 1475 2467 quae
1510 2426 1653 2455 statura

131 2483 339 2519 simillimae
368 2487 454 2518 sunt
476 2483 571 2526 illis,
596 2493 693 2527 quae
724 2482 762 2516 in
789 2482 899 2526 Juny.
926 2487 1058 2515 exsecta
1084 2481 1339 2525 reperiuntur,
1366 2480 1499 2515 coloris
1525 2484 1650 2513 tamen

131 2546 316 2587 expertes.
359 2542 450 2577 Vidi
471 2543 581 2578 etiam
597 2542 725 2576 folium
739 2541 1032 2575 tridentatumin
1048 2541 1212 2585 capitulo
1233 2539 1407 2574 dissecto.
1437 2538 1649 2582 (Gottsche)

692 2646 720 2688 ξ.
748 2648 783 2679 2.
834 2627 1086 2678 Homomallae.

226 2717 333 2752 Folia
358 2715 610 2758 subsecunda‚
637 2725 815 2757 concava,
843 2719 908 2750 aut
933 2705 1091 2757 integra,
1113 2717 1177 2748 aut
1195 2713 1402 2754 bidentum,
1434 2716 1498 2747 aut
1523 2711 1649 2754 bifida,

129 2779 368 2818 mucronata,
406 2774 488 2809 basi
526 2773 662 2808 dorsali
701 2777 908 2808 antrorsum
947 2783 1139 2808 conversa.
1211 2771 1490 2815 Amphigastria
1531 2771 1646 2806 nulia.

131 2834 389 2869 Perianthium
414 2834 451 2869 in
478 2835 583 2869 caule
610 2833 815 2876 terminale,
839 2832 1240 2878 tri-quadrangulare,
1268 2831 1374 2874 apice
1401 2835 1646 2872 attenuatum,

129 2903 191 2927 ore
217 2894 429 2930 lacinulato.
