1824 3252
795 179 982 223 Lejeunia.
1573 186 1643 217 323

203 295 231 331 ὁ,
272 294 366 325 caule
401 293 488 323 haud
529 293 728 336 adplanam,
763 295 850 325 soliis
883 292 1257 331 subadscendeniibus,
1298 293 1414 324 lobulo
1455 301 1641 339 conspicuo

275 353 477 389 ventricoso,
504 351 752 394 arrrphigasuiis
781 353 940 383 omnibus
968 352 1272 394 patulo—reflexis.

406 408 519 442 Mam.
557 409 670 443 Musc.
706 408 835 443 Guimz.
881 410 917 444 in
950 409 1047 442 Anu.
1087 409 1143 442 cles
1175 421 1219 442 sc.
1255 416 1326 443 mre.
1369 414 1402 443 2.
1437 410 1537 445 Set-ie
1569 414 1641 448 ΙΙΙ.

458 479 496 512 p.
522 470 605 501 210.
632 481 667 502 η.
694 471 753 502 32.

227 528 385 562 Habitat
409 540 431 559 a
465 526 501 560 in
530 526 667 560 cortice
694 526 812 571 Illyrtz'
832 525 1108 571 caryoplzyllatae
1135 527 1216 560 Ind.
1243 527 1374 562 orient.
1401 529 1550 571 (Wiild.
1568 532 1641 567 Hb.

134 587 331 629 ὶνρὺεῑί),
373 587 411 621 in
446 585 591 619 Owaihi
626 586 694 618 ins.
731 584 793 628 (ad
829 584 924 618 Rad.
954 584 1167 630 pallentem).
1225 598 1246 618 οι
1285 588 1304 605 ³*
1349 587 1549 628 ocellulata,
1589 591 1643 625 St.

137 646 325 689 Doniingo
350 646 444 685 (Hb.
474 644 526 678 M.
554 649 591 677 et
620 643 694 686 N.).
756 643 847 678 Var.
873 643 894 681 β
928 643 965 676 in
997 644 1157 678 Peruvia
1184 652 1220 679 et
1248 645 1350 679 chile
1378 657 1399 680 a
1423 647 1467 681 cl.
1497 648 1645 693 Poppig

133 703 266 737 lectum
295 715 426 739 comm.
458 704 639 737 Doctores
659 703 791 736 Kunze
818 708 855 735 et
881 702 998 736 Ekart
1030 703 1124 745 (Hb.
1152 703 1193 737 L.
1221 708 1257 737 et
1284 703 1377 747 Lg.).
1439 705 1528 741 Var.
1557 718 1582 746 ‘y
1606 707 1644 741 in

135 762 296 796 Brasilia
334 764 377 795 ad
417 763 488 797 Rio
514 762 685 802 Janeiro,
725 761 772 795 ad
801 761 956 797 Flumen
986 762 1210 796 Amazonum
1238 762 1437 804 (Martius,
1464 764 1539 798 Hb.
1569 765 1645 809 N.).

136 820 180 852 ad
205 821 358 854 Flumen
379 821 502 855 llheos
528 821 564 854 in
592 820 856 854 Homzsclruelaia
878 819 1144 865 Bwyotleroplcffl
1168 820 1203 853 in
1224 821 1395 855 ,lamaica
1421 822 1516 864 (Hb.
1534 823 1645 869 Hk.);

136 879 357 913 intermedia
386 881 499 913 forma
529 879 623 912 inter
649 892 670 911 οι
697 884 733 911 et
757 888 783 916 ‘y
808 878 846 912 in
874 879 950 912 Ins.
979 880 1034 913 St.
1063 879 1234 913 Vincent.
1258 880 1353 922 (Hb.
1384 880 1487 923 Hk.).

228 937 317 970 Var.
346 937 362 968 δ
389 941 433 970 ad
464 937 625 971 ramulos
662 937 835 970 arborum
869 936 905 969 in
935 937 1083 970 Guiana
1109 939 1264 972 centrali
1301 939 1395 982 (Hb.
1426 940 1475 975 M.
1505 946 1542 974 et
1570 942 1645 985 N.).

134 995 395 1028 Interniediaru
437 996 591 1029 sormam
636 996 730 1028 inter
768 1006 792 1034 ’γ
831 1000 865 1028 et
899 1001 918 1033 δ
945 995 1045 1028 misit
1086 996 1259 1038 Bongard
1298 998 1344 1031 ad
1388 997 1458 1031 nio
1495 998 1647 1033 Janeiro

132 1053 265 1086 lectam
290 1055 385 1097 (Hb.
414 1054 455 1087 L.
483 1059 519 1088 et
545 1054 640 1097 liga).

226 1113 389 1147 Adnot.
442 1113 576 1147 Forma
601 1120 623 1139 α
649 1113 668 1133 *
694 1111 874 1146 ocellulata
899 1117 1046 1156 praeter
1064 1112 1297 1147 characteres
1323 1120 1545 1150 memoratos
1572 1117 1647 1151 dif—

134 1170 226 1205 ferre
254 1171 398 1205 videtur
425 1171 690 1205 ramificatioue
717 1171 910 1214 irregulari
936 1170 1058 1204 minus
1084 1172 1290 1215 composita
1324 1173 1495 1218 foliisque
1528 1177 1648 1210 ovatis

135 1241 202 1264 nec
231 1230 487 1270 subrotundis‚
521 1236 599 1263 tum
624 1240 711 1264 vero
738 1235 775 1264 et
800 1229 955 1263 maculis
981 1230 1092 1272 retis,
1131 1230 1333 1265 maioribus
1359 1232 1455 1274 illis,
1482 1235 1645 1270 crebrio-

135 1288 248 1328 ribus,
277 1290 387 1332 paulo
405 1291 528 1323 minus
547 1289 691 1332 amplis,
719 1294 753 1323 et
772 1289 942 1323 foliorum
963 1289 1042 1324 basi
1066 1289 1216 1323 minime
1238 1290 1647 1335 cordato-emarginata

135 1348 201 1381 sed
244 1349 388 1392 integra
429 1349 601 1392 caulique
634 1352 712 1383 tota
752 1348 1009 1382 adhaerentia.
1070 1348 1350 1391 Amphigastria
1384 1351 1496 1393 paulo
1529 1354 1648 1396 magis

134 1407 329 1442 latitudine
355 1419 466 1452 quam
492 1407 687 1441 altitudine
702 1413 872 1450 extensa,
899 1406 1123 1451 quandoque
1147 1407 1357 1450 subretusa,
1385 1415 1534 1445 textura
1552 1412 1649 1445 foliis

134 1466 242 1500 simili
270 1468 455 1509 gaudent,
483 1467 518 1499 in
545 1467 652 1500 caule
679 1467 864 1510 ramisque
901 1466 1103 1500 maioribus
1130 1468 1248 1510 magis
1275 1468 1445 1503 minusve
1471 1470 1647 1505 distantia

134 1529 199 1556 aut
225 1525 490 1566 subconstgua,
527 1525 563 1558 in
601 1526 752 1559 ramulis
785 1525 989 1559 minoribus
1015 1525 1211 1560 imbricata
1236 1527 1486 1564 inveniuntur.
1538 1531 1648 1564 Color

135 1583 270 1625 pallide
297 1587 494 1618 testaceus.
545 1584 797 1618 Fructificatio
823 1585 938 1618 deest.

427 1666 486 1697 27.
535 1664 794 1709 Ley‘eunia
819 1665 1134 1699 catenulata
1161 1664 1209 1698 N.
1237 1665 1284 1699 ab
1312 1666 1354 1699 Ε.

228 1723 271 1756 L.
306 1722 403 1756 caule
432 1730 568 1768 repente
592 1724 784 1757 inordinate
807 1723 1041 1769 subpinnatim
1073 1735 1206 1758 ramoso
1230 1725 1362 1767 riffl‘dO,
1389 1725 1495 1770 foliis
1526 1727 1646 1762 imbri-

133 1781 219 1814 catis
243 1781 599 1816 o'eato-Subcultratis
612 1782 870 1828 falsi—nerviis
894 1782 1019 1817 obtusis
1045 1783 1296 1827 inte-cerrz'mz'ss
1324 1786 1478 1829 Duff-(sine
1502 1787 1650 1820 ventrali

135 1840 335 1874 rectiascnlo
370 1839 480 1874 lobulo
513 1840 687 1874 convoluto
724 1848 821 1875 ovato
856 1843 953 1887 apice
991 1843 1405 1886 enzarqz'nato-truncato
1446 1844 1482 1877 in
1518 1846 1649 1878 dentem

133 1897 330 1933 subulatmn
354 1911 390 1933 os
415 1898 526 1932 tubuli
549 1899 806 1944 amplectentem
830 1908 1047 1942 excurrente,
1079 1901 1334 1947 mnplriyastriis
1363 1903 1532 1947 conti-(suis
1556 1907 1648 1938 reni-

124 1958 479 2002 jbrmi-sabrotandis
503 1959 751 2002 inteyerrimis,
779 1959 994 2004 periantltiz's
1026 1959 1227 2001 lateralibus
1250 1960 1479 1995 subsessilibus
1502 1963 1652 1997 obovatis

135 2017 361 2060 enzaiyz'natzls
399 2017 595 2062 compressis
628 2024 745 2051 ventre
779 2019 949 2052 carinatis
959 2044 969 2060 ,
1008 2019 1129 2053 carina
1164 2021 1261 2065 apice
1292 2020 1432 2055 bialata.
1494 2023 1652 2056 Gottsche

136 2074 230 2109 Icon.
256 2075 399 2121 Lejeun.
427 2075 497 2110 IV.
525 2079 556 2110 2.

325 2136 592 2177 Juugermanuia
620 2138 851 2169 transversalis
869 2136 1079 2171 ›S'eliwez'nitz
1102 2137 1193 2183 Hep.
1212 2139 1294 2171 Am.
1313 2145 1445 2184 sepul).
1465 2142 1517 2172 12.
1540 2153 1573 2173 n.
1598 2143 1650 2174 10„

232 2192 275 2225 In
304 2192 579 2239 Hymenophyllo
611 2194 729 2228 ciliato
763 2200 799 2229 et
826 2196 980 2229 Neekera
1013 2195 1164 2230 abietina
1192 2197 1316 2231 Hook.
1357 2197 1552 2232 Americae
1588 2211 1647 2233 se-

139 2251 396 2294 ptentrionalis
424 2253 519 2295 (Hb.
548 2252 704 2295 Sieber„
732 2254 888 2297 Flotov„
919 2255 993 2299 N.).

235 2311 372 2346 Caules
398 2312 512 2346 dense
539 2311 714 2356 implexi,
748 2313 1015 2356 horizontales,
1051 2315 1162 2356 recti,
1199 2314 1329 2358 rigidi,
1357 2314 1470 2357 fusci,
1506 2315 1651 2350 circiter

138 2370 234 2400 3-4
268 2368 386 2403 lineas
420 2371 540 2414 longi,
581 2372 705 2405 forsan
741 2377 778 2406 et
813 2373 1017 2416 longiores,
1055 2374 1212 2407 distiche
1247 2380 1285 2407 at
1316 2374 1510 2417 irregulari
1545 2376 1652 2410 modo

141 2430 293 2470 ramosi,
334 2431 445 2465 ramis
480 2432 697 2475 patentibus
729 2433 992 2476 inaequalibus
1026 2433 1192 2474 obtusis;
1231 2433 1389 2468 latitudo
1424 2436 1542 2470 caulis
1568 2448 1651 2471 euni

140 2489 235 2523 foliis
260 2489 405 2524 circiter
422 2492 445 2532 ᾗ
464 2490 598 2526 lineae.
648 2491 754 2525 Folia
780 2497 881 2526 arcte
906 2491 1116 2533 imbricata,
1143 2493 1452 2536 disticho-plana,
1480 2495 1516 2529 in
1544 2497 1653 2531 dorso

142 2548 474 2588 subliorizontalia‚
509 2549 658 2584 sordide
687 2550 1035 2592 virescenti-fusca,
1071 2551 1178 2585 caule
1204 2552 1298 2584 inter
1325 2553 1414 2586 folia
1439 2554 1654 2597 conspicuo,

142 2605 314 2647 rigidum,
339 2609 473 2649 ovalia,
500 2609 635 2643 dorsali
664 2609 830 2653 margine
856 2609 1000 2643 modice
1026 2614 1192 2649 curvam,
1222 2611 1378 2644 ventrali
1406 2612 1654 2653 subconcavo,

145 2663 250 2706 apice
276 2665 410 2701 obtuso
435 2671 473 2700 et
496 2666 533 2700 in
559 2668 696 2702 nostris
722 2667 988 2712 speciminibus
1014 2669 1158 2702 cunctis
1185 2669 1351 2703 minutim
1380 2671 1651 2706 eroso-denti-

144 2721 280 2762 culato,
308 2723 447 2767 reliquo
473 2726 637 2769 margine
665 2726 912 2770 integerrimo.
957 2728 1123 2772 Lobulus
1149 2728 1232 2762 sinu
1262 2739 1283 2761 a
1309 2729 1473 2772 margine
1499 2731 1655 2765 ventrali

145 2778 326 2814 discretus
352 2782 545 2828 eidemque
570 2786 770 2828 parallelus
795 2785 831 2819 in
858 2790 956 2820 statu
984 2787 1181 2822 convoluto
1206 2787 1523 2830 ovato-oblongus
1550 2788 1656 2832 apice

146 2843 338 2874 truncatus
380 2845 417 2874 et
458 2843 571 2877 veluti
610 2845 750 2880 orificio
787 2846 957 2879 annulari
998 2846 1136 2880 ibidem
1174 2847 1398 2886 instructus;
1446 2848 1656 2881 accuratius

147 2902 271 2930 autem
297 2899 533 2934 examinatus
560 2901 666 2936 latior
694 2909 862 2946 apparet,
890 2904 994 2946 apice
1023 2905 1492 2947 emarginato-truncatus
1518 2907 1657 2950 margi—

1293 2987 1385 3014 21*
