1824 3252
717 183 932 218 Gottschea.
1549 187 1586 216 ¹3

587 297 958 352 Subtribus
1006 299 1059 350 2.

416 441 920 496 Goelocaules
971 439 1043 487 N.
1081 439 1144 488 ab
1183 439 1248 488 Ε.

176 567 546 625 Jungermanniae
585 565 775 622 aligerae
819 565 879 607 N.
910 564 964 605 ab
998 564 1051 606 E.
1102 565 1146 605 in
1189 564 1300 606 Nov.
1348 563 1454 606 Act.
1506 563 1583 606 Ac.

64 639 122 680 N.
161 638 268 681 Cur.
300 638 395 680 XI.
427 638 470 680 1.
496 652 546 693 p.
578 637 678 678 135.
742 635 856 691 Hep.
887 634 989 675 Jav.
1016 649 1065 689 p.
1097 634 1168 676 66.

179 731 368 787 Capsula
389 730 540 780 solida,
573 735 706 779 recta,
740 728 791 771 ad
817 728 936 769 basin
962 741 1097 782 usque
1119 727 1422 782 quadrivalvis.
1488 729 1586 772 Ela-

64 807 176 842 teres
209 801 373 857 bispiri.
434 799 731 840 Fructificatio
751 799 935 839 feminea
966 802 1009 837 et
1040 798 1273 838 terminalis
1307 803 1351 839 et
1380 799 1584 850 lateralis,
1629 818 1631 821 ·

63 869 197 910 caulis
239 869 442 924 perforati
482 868 618 923 magis
657 869 852 908 minusve
895 869 1220 909 intumescentis
1262 884 1368 911 cavo
1411 872 1584 914 inserta.

64 939 187 980 Folia
225 938 434 986 succuba,
477 937 749 993 complicata,
793 936 936 978 bifida.
1000 936 1129 978 Rami
1170 953 1194 978 e
1225 944 1375 980 trunco
1407 947 1586 996 repente

63 1008 392 1057 adscendentes,
424 1021 573 1063 parum
606 1007 775 1055 ramosi,
810 1006 1095 1061 pterygoidei.
1156 1006 1339 1049 Plantae
1361 1011 1586 1051 terricolae

60 1083 105 1118 et
135 1077 367 1118 corticolae
398 1077 440 1117 in
475 1077 638 1117 truncis
670 1076 867 1131 putridis.
931 1074 1094 1116 Omnes
1124 1077 1204 1117 sub
1227 1078 1347 1118 coelo
1381 1079 1585 1119 calidiore

61 1147 270 1201 vigentes.

407 1261 492 1303 VI.
555 1259 973 1310 Gottsehea*)
1007 1260 1067 1302 N.
1102 1263 1154 1302 ab
1184 1261 1236 1303 E.

153 1366 473 1410 Jungermanniae
520 1367 620 1401 Sect.
656 1366 705 1400 V.
745 1365 973 1401 Nemorosae
1014 1367 1059 1402 B.
1095 1366 1268 1411 Aligerae
1304 1368 1352 1403 N.
1388 1368 1430 1402 ab
1466 1369 1512 1403 E.
1550 1370 1586 1404 in

64 1428 148 1462 Nov.
178 1428 261 1461 Aet.
289 1428 375 1463 Nat.
404 1427 491 1462 C'ur.
517 1427 592 1461 XI.
624 1430 654 1462 l.
679 1439 715 1472 p.
748 1427 827 1466 135,
855 1426 951 1460 XII.
983 1429 1012 1460 l.
1036 1438 1072 1472 p.
1100 1430 1183 1461 234.
1237 1428 1429 1474 Hep‚Jav.
1447 1441 1485 1474 p.
1503 1431 1562 1462 66.

159 1501 265 1544 Apex
291 1499 410 1534 caulis
437 1499 494 1534 vel
522 1498 653 1533 ramuli
681 1498 846 1533 lateralis
873 1503 1019 1532 tumens
1052 1509 1242 1543 cavusque
1268 1499 1469 1544 perianthii
1504 1500 1586 1536 vice

60 1558 231 1603 fungens.
283 1560 524 1594 Invossuerum
543 1558 600 1593 vel
617 1559 844 1599 tumulosum,
869 1569 931 1592 ore
950 1558 1167 1601 regulariter
1189 1560 1289 1600 lisso,
1304 1561 1398 1596 vele
1414 1561 1585 1595 soliorum

61 1619 414 1665 amphigastriorum
441 1619 584 1664 aliqurt
610 1618 765 1662 paribus
800 1629 884 1651 eum
922 1618 1029 1651 caule
1066 1622 1233 1653 tumente
1268 1619 1585 1654 adscendentibus

61 1680 225 1715 nonnihil
251 1679 440 1714 distractis
466 1678 585 1713 caulis
613 1678 710 1721 apici
744 1680 802 1713 vel
836 1679 1005 1723 calyptra
1041 1679 1188 1714 coalitis
1222 1685 1288 1714 aut
1322 1681 1402 1715 basi
1438 1680 1586 1714 adnatis

61 1739 258 1775 formatum
293 1739 408 1773 latere
445 1739 584 1772 fissum.
647 1738 825 1783 Calyptra
858 1743 981 1773 ovata.
1042 1738 1190 1773 Pistilla
1224 1741 1359 1781 multa,
1395 1741 1585 1776 emarcida

56 1800 205 1834 demum
239 1800 444 1843 calyptram
478 1797 708 1833 coronantia.
777 1799 867 1833 Seta
903 1809 923 1832 e
958 1798 1073 1833 fundo
1106 1799 1225 1834 caulis
1259 1800 1342 1834 cavi
1377 1811 1584 1846 emergens.

56 1860 177 1903 longa.
239 1859 406 1903 Capsula
439 1858 558 1892 ovalis
597 1861 662 1891 aut
694 1858 877 1900 oblonga,
916 1859 1039 1899 firma,
1080 1858 1187 1893 basin
1224 1860 1393 1905 adusque
1426 1861 1580 1906 quadri-

54 1919 186 1954 valvis.
247 1919 416 1953 Elateres
449 1916 568 1952 valvis
600 1917 734 1951 mediis
770 1916 898 1951 inserti
932 1917 989 1962 (3).
1046 1918 1174 1953 Flores
1210 1920 1367 1954 maseuli
1402 1921 1582 1955 involucri

53 1978 142 2013 solia
168 1977 390 2018 conformia,
418 1977 558 2011 arctius
583 1976 799 2015 imbricata,
828 1975 907 2010 basi
935 1977 1157 2013 ventricosa.
1208 1979 1398 2015 Antherae
1429 1982 1581 2023 multae,

53 2038 242 2079 axsslares,
269 2042 507 2082 aggregatae,
534 2037 723 2071 filamento
750 2036 871 2080 longo.
924 2037 1163 2082 Paraphyses
1189 2050 1263 2074 non
1290 2040 1523 2076 observatae.

107 2195 141 2237 ³¹⁵)
197 2196 429 2228 Fructificatio
467 2195 675 2232 terminalis,
713 2195 859 2226 lateralis
897 2204 930 2227 et
968 2196 1125 2228 axillaris.
1191 2196 1284 2228 Inter
1319 2196 1400 2227 solia
1435 2196 1579 2232 floralia,

196 2255 345 2286 quorum
372 2244 434 2275 tria
460 2244 554 2284 paria
582 2243 701 2275 adesse
719 2243 840 2282 solent,
867 2244 1000 2286 saepius
1017 2244 1256 2286 amphigastria
1273 2252 1465 2284 emergunt,
1493 2254 1579 2284 quae

195 2292 267 2323 aliis
292 2292 376 2322 locis
404 2292 436 2322 in
463 2292 568 2334 stirpe
595 2302 764 2334 nusquam
793 2292 1022 2334 reperiuntur.
1073 2292 1109 2322 ln
1138 2294 1221 2323 flore
1262 2291 1422 2322 videntur
1456 2291 1577 2333 pistilla

195 2339 301 2370 multa
331 2338 389 2380 (16
416 2356 464 2362 —
491 2338 547 2379 32)
577 2339 665 2370 soliis
693 2338 993 2380 pericbaetialibus
1019 2340 1107 2371 binis
1135 2348 1166 2370 et
1195 2338 1439 2382 amphigastrio
1467 2338 1577 2380 pluri-

196 2386 277 2425 fido,
305 2385 478 2418 interdum
507 2386 677 2429 adspersis
704 2386 808 2429 paleis
835 2387 965 2428 aliquot
992 2387 1188 2426 floralibus,
1214 2387 1356 2418 inclusa.
1408 2385 1576 2417 Pistillum

195 2433 453 2471 foecundatam,
481 2432 566 2464 dum
593 2434 782 2476 pedicellus
811 2435 967 2476 capsulae
995 2435 1027 2466 in
1070 2435 1203 2465 caulem
1242 2433 1422 2466 descendit
1456 2444 1575 2464 secum

194 2490 309 2512 torum
335 2481 542 2524 pistillorum
570 2492 648 2512 cum
675 2482 780 2524 paleis
807 2482 981 2513 floralibus
1006 2494 1143 2514 sursum
1172 2482 1291 2520 aufert,
1319 2481 1413 2524 quod
1440 2492 1578 2523 semper

195 2530 227 2560 in
256 2531 351 2571 apice
380 2529 563 2572 calyptme,
592 2530 671 2570 quin
702 2530 803 2560 etiam
834 2529 945 2561 sructu
975 2540 1113 2570 egresso
1141 2538 1269 2572 ruptae,
1298 2528 1385 2560 bene
1414 2528 1576 2570 cognosci

191 2585 313 2619 potest.
364 2575 524 2620 Calyptra
553 2577 728 2607 carnosior
754 2576 848 2613 sacta,
874 2586 911 2608 ut
938 2578 969 2607 in
989 2575 1234 2623 Haplomitrio
1261 2575 1473 2613 asinam-11,
1500 2586 1576 2606 me-

193 2624 404 2667 tamorphosi
431 2623 672 2667 progrediente
708 2625 768 2655 tria
805 2624 857 2655 vel
896 2633 1042 2666 quatuor
1075 2627 1166 2668 paria
1204 2625 1368 2656 soliorum
1405 2624 1575 2654 floralium

193 2671 258 2702 sibi
285 2673 418 2712 ingerit,
445 2679 481 2702 ut
506 2679 592 2702 statu
618 2680 754 2702 maturo
784 2670 941 2703 tubulum
979 2674 1011 2704 in
1051 2673 1223 2704 nonnullis
1252 2670 1446 2704 Gottseheis
1473 2670 1516 2712 (e.
1543 2680 1574 2710 g·

194 2717 345 2758 Blumii,
373 2717 610 2760 Berterooena)
639 2725 656 2750 6
684 2720 788 2750 lineas
815 2719 970 2759 longum,
999 2721 1103 2752 ternis
1128 2719 1268 2763 paribus
1297 2720 1459 2751 soliorum
1493 2718 1575 2747 toti-

192 2766 344 2808 demque
361 2766 613 2808 amphigastriis
630 2765 826 2797 obvelatum
843 2766 971 2798 videas.
1008 2768 1048 2799 In
1064 2768 1136 2799 aliis
1152 2769 1253 2798 eiiam
1271 2767 1315 2810 (e.
1329 2778 1360 2807 g.
1377 2764 1422 2797 G.
1438 2762 1572 2805 IVeesii)

192 2814 313 2845 folium
350 2815 468 2845 flor-ale
503 2825 681 2845 summum
716 2814 769 2844 vel
805 2814 958 2855 primum
991 2815 1023 2846 in
1057 2815 1216 2847 tubulum
1252 2814 1474 2845 convolutum
1514 2819 1573 2848 est,

193 2861 251 2902 qui
277 2862 382 2892 latere
410 2863 498 2900 fisso,
526 2862 652 2904 quippe
681 2862 852 2903 margines
879 2861 963 2901 folii,
990 2872 1022 2894 et
1048 2863 1160 2893 carina
1187 2860 1439 2903 longitudinali‚
1465 2858 1572 2890 lobuli

192 2908 346 2949 soliigeni
371 2908 580 2947 rudimento,
606 2917 762 2940 naturam
793 2919 890 2939 suam
915 2920 1033 2940 veram
1060 2908 1186 2952 prodit.
1236 2909 1313 2941 Seia
1342 2906 1384 2939 ad
1412 2914 1571 2948 quartum

191 2965 252 2998 par
279 2955 440 2987 soliorum
469 2957 640 2987 floralium
669 2957 700 2987 in
729 2955 859 2987 caulem
889 2956 1113 2988 descendens.
