1824 3252
790 190 1024 225 Fimbriaria.
1591 195 1657 226 571

242 306 356 339 Frons
381 305 515 339 sterilis
540 308 563 339 4
580 305 837 345 -6-linearis‚
867 305 909 345 13
936 303 998 338 lin.
1024 304 1113 344 lata,
1140 303 1323 347 oblonga;
1349 303 1446 338 frons
1474 304 1662 340 fructifera

148 366 332 405 obovata,
367 369 390 399 2
417 365 480 398 lin.
508 364 605 405 lata,
641 364 721 397 basi
756 364 801 398 ad
834 367 848 397 l
879 363 942 397 lin.
971 367 1185 404 attenuata,
1218 367 1241 397 4
1266 363 1328 396 lin.
1356 363 1484 407 longa,
1523 364 1661 405 biloba,

148 424 243 458 lobis
281 425 426 458 obtusis
462 423 592 457 leviter
630 423 893 465 emarginatis,
932 423 1028 456 laete
1055 422 1195 463 viridis,
1230 422 1267 456 in
1294 423 1561 457 vetustioribus
1586 429 1664 459 tota

148 482 381 524 suscescens3
420 484 553 516 subtus
578 483 764 521 concolor,
788 480 1000 522 tenerrima,
1026 481 1132 514 venis
1158 481 1284 515 multis
1310 486 1479 522 exarata,
1506 495 1663 528 quarum

150 545 403 575 anastomoses
432 552 560 575 versus
587 541 791 584 marginem
818 539 959 573 frondis
985 540 1043 572 vel
1070 539 1169 573 nudo
1195 540 1302 574 oculo
1329 541 1488 585 perspici
1509 547 1665 586 possunt

150 605 185 634 et
211 611 307 645 quae
335 600 504 634 radiatim
533 600 579 633 ab
606 600 712 643 apice
739 599 836 632 linea
863 603 977 638 recta,
1005 608 1025 630 a
1053 599 1283 641 marginibus
1310 600 1407 634 linea
1433 602 1517 644 plus
1544 603 1664 637 minus

149 665 301 693 arcuata
346 671 474 693 versus
521 659 656 692 lineam
696 657 908 691 medianam
954 657 1168 692 decurrunt.
1232 659 1344 692 Costa
1385 660 1516 694 subtus
1552 662 1666 704 paulo

149 718 380 762 prominens,
407 719 480 751 iam
507 727 684 751 venarum
711 727 821 750 cursu
849 721 1093 758 convergente
1121 728 1274 751 nervum
1302 717 1445 752 fuscum
1473 721 1662 755 subsim-u-

149 777 252 817 lans,
281 765 323 810 ‘in
350 777 603 820 pedunculum
636 776 831 818 elongatur
866 775 1194 818 semipollicamm,
1229 776 1429 819 gracilem,
1465 779 1546 813 basi
1572 781 1662 814 sub-

150 835 315 876 t'uscum,
350 836 456 879 apice
482 835 765 875 ocliroleucum,
799 835 967 877 glabrum
1011 834 1166 878 basique
1194 835 1348 870 nudum.
1398 837 1667 884 Receptaculum

148 893 346 928 femineum
373 894 675 933 suborbiculare,
702 893 1031 927 convexiusculum
1059 895 1116 927 vel
1144 894 1374 936 disciforme,
1400 896 1583 940 integrum
1609 900 1667 934 vel

149 951 333 987 interdum
361 953 470 997 quasi
498 953 806 996 lobatum,supra
830 953 1044 995 rugulosum
1072 964 1339 998 venosumque,
1355 957 1521 999 margine
1547 969 1664 993 vena-

151 1022 229 1044 rum
268 1012 512 1056 dispositione
546 1012 800 1053 menolatum,
836 1012 969 1045 subtus
1005 1011 1148 1046 fructus
1181 1016 1203 1046 3
1229 1033 1244 1039 -
1270 1016 1293 1047 6
1318 1025 1450 1055 gerens
1494 1016 1667 1051 deorsum

150 1075 383 1113 spectantes,
429 1072 621 1115 paleisque
670 1071 776 1115 apice
822 1070 859 1104 in
896 1074 918 1104 3
957 1070 1042 1103 cilia
1088 1071 1182 1104 fissis
1226 1073 1509 1118 periantbioque
1552 1079 1668 1113 multo

152 1130 382 1164 brevioribus
404 1131 613 1164 barbatum.
654 1130 837 1163 Involucm
858 1130 1135 1173 campanulata‚
1166 1130 1244 1164 basi
1270 1131 1476 1177 hypophysi
1498 1138 1667 1172 annulari

151 1193 333 1229 connata,
362 1189 432 1223 sibi
459 1188 617 1222 invicem
645 1190 703 1222 vel
730 1189 905 1231 contigua
931 1189 989 1222 vel
1015 1188 1214 1231 distantia,
1249 1191 1416 1233 margine
1442 1193 1615 1230 interiore
1647 1209 1668 1231 a

154 1248 377 1290 receptaculi
411 1248 577 1290 margine
611 1248 721 1291 longe
757 1251 910 1281 remoto.
971 1247 1222 1281 Periantlzium
1256 1249 1441 1293 integrum
1484 1254 1669 1296 conicum,

151 1306 383 1348 prominens,
411 1306 560 1341 brevius
586 1318 696 1350 quam
724 1307 760 1340 in
789 1306 970 1346 affinibus,
998 1306 1412 1351 hyalino-flavescens,
1445 1311 1605 1358 denique
1631 1315 1668 1349 iu

151 1367 174 1397 6
202 1385 217 1391 -
244 1369 265 1399 8
299 1366 356 1399 vel
392 1366 518 1410 plures
552 1365 707 1399 lacinias
742 1364 1207 1408 triangulari-subulatas
1249 1367 1458 1402 dehiscens.
1519 1370 1671 1415 Capsula

152 1422 377 1463 subsessffis,
400 1424 924 1468 subglobosa,circumscissa.
974 1424 1142 1458 Elateres
1158 1425 1354 1467 longiores,
1370 1427 1519 1471 dispiri;
1543 1432 1671 1463 semina

151 1481 423 1518 flavo-viridia
452 1484 665 1525 reticulata,
696 1484 919 1527 marginata.
979 1483 1235 1528 Inflorescente'a
1267 1486 1457 1521 masculina
1479 1488 1670 1534 hucusque

150 1538 288 1581 ignota.

445 1615 503 1647 21.
554 1612 881 1648 Fimbriana
906 1614 1232 1659 leptophylla
1259 1614 1378 1649 Mout.

250 1681 294 1716 F.
310 1682 443 1726 fronde
468 1685 654 1717 tenerrima,
678 1683 827 1728 simple'ci
860 1690 921 1717 aut
956 1683 1066 1717 biloba
1096 1684 1239 1729 oblonya
1272 1684 1325 1718 vel
1353 1686 1669 1721 ewzeato-obovata

154 1738 412 1774 membranacea
434 1741 636 1781 subvenosa‚
674 1743 825 1787 squamis
849 1743 942 1776 raris
968 1742 1166 1776 lcmeeolatis
1182 1768 1190 1784 ,
1219 1743 1412 1788 pedzmculo
1443 1746 1490 1778 acl
1520 1747 1669 1779 medium

152 1798 335 1841 sanyuineo
359 1798 544 1845 subpiloso,
578 1800 784 1846 receptaculo
798 1801 952 1846 femineo
985 1802 1151 1835 de'scoz'cleo
1175 1802 1229 1835 vel
1251 1804 1671 1839 convexo-subumbonato

154 1867 272 1890 arenoso
297 1858 426 1902 inteyro
452 1858 583 1893 ambitu
608 1867 747 1893 erenato
771 1861 889 1893 subtus
913 1860 1066 1894 barbato.

343 1918 551 1950 Fimbriaria
587 1919 794 1962 leptophylla
831 1919 946 1952 Illont.
983 1919 1105 1965 C'rypt.
1143 1919 1266 1964 Nilyh.
1304 1921 1340 1954 in
1374 1922 1506 1956 Amzal.
1546 1923 1603 1956 des
1625 1935 1669 1957 sc.

429 1983 501 2010 nat.
529 1979 564 2010 2.
592 1976 671 2011 Se‘r.
698 1977 832 2010 XVII.
858 1977 1002 2021 (1842.)
1024 1989 1062 2023 p.
1094 1980 1145 2012 19.
1170 1992 1204 2011 η.
1230 1981 1289 2013 99.

251 2034 410 2068 Habitat
436 2034 471 2067 in
500 2035 762 2077 Neelgherries
790 2036 836 2069 ad
864 2040 999 2069 terram
1027 2037 1063 2070 in
1090 2037 1194 2071 silvis
1221 2038 1404 2073 umbrosis
1430 2039 1536 2073 iuxta
1573 2039 1672 2083 ripas

156 2092 357 2127 rivulorum
404 2093 585 2128 montium
626 2094 723 2128 circa
753 2095 879 2129 Kaitie
917 2095 953 2128 in
996 2096 1180 2130 consortio
1220 2097 1427 2131 Fz'ssielentis
1464 2097 1673 2131 cuiusdam.

156 2151 300 2184 Crescit
335 2151 447 2185 etiam
480 2152 517 2186 in
555 2153 755 2186 corticibus
788 2154 836 2187 ad
863 2154 957 2188 imos
991 2159 1141 2188 truncos
1175 2154 1210 2187 in
1238 2155 1449 2189 confinitate
1476 2156 1674 2190 Pon-meliae

150 2210 373 2254 podocarpae.
422 2211 626 2253 (Perrottet
652 2211 689 2245 in
721 2212 795 2246 Hb.
827 2213 892 2250 M..
920 2212 981 2252 N.‚
1011 2213 1051 2247 L.
1079 2217 1116 2246 et
1142 2213 1206 2257 G.)

251 2267 427 2301 Plantula
453 2270 625 2312 elegans,
659 2275 811 2312 tenera,
847 2271 974 2305 viridis
1007 2283 1089 2305 cum
1118 2272 1253 2305 rubore
1286 2281 1421 2307 carneo
1454 2275 1671 2317 praesertim

156 2327 299 2360 subtus.
346 2327 461 2361 Frons
487 2328 522 2361 in
550 2328 670 2362 medio
697 2341 826 2373 parum
855 2330 1074 2370 incrassata,
1101 2330 1148 2363 ad
1171 2331 1288 2364 latera
1307 2330 1529 2373 subvenosa‚
1557 2343 1670 2377 squa-

156 2385 225 2418 mis
252 2386 470 2420 lanceolatis
497 2387 683 2429 margines
710 2389 809 2421 haud
836 2388 1130 2431 attingentibus,
1167 2389 1301 2422 limbus
1338 2389 1479 2424 frondis
1514 2393 1672 2435 primum

157 2443 328 2488 utrinque
355 2446 528 2479 concolor
554 2450 610 2480 est
636 2450 672 2479 et
697 2446 846 2487 viridis,
883 2449 1032 2482 tandem
1060 2448 1191 2481 subtus
1218 2459 1492 2491 purpurascens
1518 2453 1555 2483 et
1579 2451 1670 2484 sub-

157 2504 328 2546 hyalinus
355 2504 494 2537 evadit.
546 2504 659 2538 Costa
687 2505 884 2548 elongatur
909 2506 1191 2552 inpedunculum
1206 2507 1421 2542 validiorem
1435 2508 1673 2550 4-linearem,

159 2574 176 2594 a
207 2562 286 2595 basi
313 2564 357 2596 ad
382 2563 543 2596 medium
566 2568 602 2597 et
624 2565 719 2597 ultra
739 2565 984 2606 sanguineum
1006 2564 1112 2608 apice
1130 2565 1402 2607 ochroleucum,
1430 2567 1673 2611 subpilosum.

160 2621 426 2666 Receptaculum
452 2623 745 2663 suborbioulare,
772 2623 995 2661 discisorme.
1013 2623 1078 2657 lin.
1099 2627 1112 2657 1
1135 2624 1262 2665 latum,
1278 2625 1337 2658 vel
1360 2625 1671 2660 convexiusculo-

159 2679 487 2722 subumbonatum,
508 2682 705 2725 integrum,
727 2683 1109 2725 ruguloso-venosum
1134 2687 1170 2717 et
1192 2683 1327 2717 exinde
1348 2684 1514 2727 margine
1535 2695 1670 2718 crenu-

160 2739 286 2777 latum,
308 2740 438 2772 subtus
456 2740 667 2776 barbatum.
705 2742 892 2776 [walacra
909 2742 1023 2776 limbo
1043 2741 1208 2776 interiori
1235 2752 1255 2775 a
1275 2742 1368 2776 disci
1388 2743 1553 2785 margine
1568 2744 1674 2788 longe

159 2801 311 2837 remota,
340 2799 477 2839 tenuia,
505 2802 527 2832 3
551 2821 564 2826 -
584 2804 618 2834 5.
671 2801 881 2834 Periamhia
908 2801 1057 2845 oblique
1082 2801 1255 2835 deorsum
1283 2802 1503 2845 spectantia,
1531 2804 1674 2843 conica,

160 2854 304 2888 laciniis
344 2856 640 2899 hyalino-flavis
675 2859 858 2903 profunde
895 2859 1059 2899 rimosis,
1094 2860 1239 2893 demum
1272 2863 1313 2894 12
1342 2881 1357 2886 -
1387 2860 1471 2895 fida.
1526 2861 1674 2907 Capsula

161 2912 386 2955 subsessilis,
415 2915 592 2949 brunnen.
