1824 3252
731 161 969 196 Madotbeca.
1540 167 1611 199 283

191 285 235 319 In
271 281 426 326 rupibus
464 278 510 312 ad
543 278 679 311 flumen
707 276 910 311 Savannah
937 285 1052 321 prope
1079 275 1287 319 Augustam
1315 275 1507 311 Americae
1542 277 1612 312 bo-

97 343 206 379 realis
229 341 318 385 legit
342 341 385 375 C.
414 337 572 382 Beyrich
596 336 651 380 (n.
684 336 787 379 146.).

193 401 329 436 Caules
354 396 817 444 quadri-sexpollicares‚
850 395 934 429 basi
960 394 1164 440 simplices,
1201 399 1277 430 tum
1313 394 1424 430 ramis
1450 396 1613 431 maxime

95 460 356 506 inaequalibus
383 457 636 503 subpinnatim
664 460 701 490 et
726 467 855 490 versus
883 454 1026 499 apicem
1053 455 1299 490 fasciculatim
1319 455 1502 498 instructi,
1529 457 1613 491 lon-

96 522 261 567 gioribus
289 520 400 554 ramis
426 519 559 553 iterum
586 516 794 551 ramulosis.
846 514 950 549 Folia
977 519 1077 548 arcte
1102 514 1318 557 imbricata,
1344 515 1440 550 laete
1469 516 1613 558 viridia,

97 580 346 621 submtunda,
374 579 531 620 deflexa,
559 576 726 612 siccitate
754 575 851 609 cauli
877 574 1160 617 circumvoluta,
1186 575 1435 619 integerrima,
1464 577 1612 619 obtusa,

95 639 261 682 margine
294 639 468 673 inferiore
502 638 666 672 involuta
702 635 856 680 basique
883 635 1104 669 decurrente
1130 635 1296 679 repanda
1323 640 1360 670 et
1385 635 1422 669 in
1448 635 1613 670 lobulum

97 699 330 744 complicata.
382 698 515 733 Lobuli
542 696 711 741 angusti,
739 695 1110 737 ovato-lanceolati,
1143 695 1335 730 inferiores
1364 696 1513 730 latiores
1541 697 1609 731 ob-

97 763 191 800 tusi,
226 758 433 803 superiores
459 758 543 801 plus
570 757 738 790 minusve
766 754 978 788 acuminati.
1032 755 1300 801 szplziyastria
1333 754 1511 789 distantia
1529 781 1537 797 ,
1576 754 1612 788 in

96 819 248 854 ramulis
285 817 546 861 adproximata
580 819 616 848 et
650 814 837 858 longiora,
881 814 1257 859 quadrato-ligulata
1300 820 1506 860 ovataque,
1540 815 1611 850 ad-

96 889 236 924 pressa,
264 877 328 911 sed
356 874 520 918 margine
545 873 671 918 paullo
697 874 847 913 reflexa,
876 873 1126 917 integerrima,
1148 876 1253 908 caule
1279 875 1393 919 dupio
1420 874 1565 909 latiora.

190 936 298 970 Obs.
351 935 383 968 A
409 933 568 967 Madotlz.
593 931 737 966 Porella
763 946 784 965 α
812 933 960 966 distante
994 931 1090 966 foliis
1124 933 1330 968 imbricatis
1356 935 1503 968 inflexis
1531 935 1613 969 basi

95 995 251 1030 ventrali
278 993 571 1028 subdecurrente
597 993 739 1026 caulem
769 991 1084 1035 amplexantibus,
1113 992 1280 1027 siccitate
1307 994 1415 1027 valde
1441 994 1613 1029 decurvis

93 1057 130 1087 et
155 1051 428 1097 amphigastriis
454 1052 658 1086 maioribus
684 1051 937 1094 distinguitur.

617 1203 986 1258 Subtribus
1034 1206 1088 1257 8.

657 1304 1058 1355 Jubuleae.

208 1382 266 1422 N.
301 1382 354 1422 ab
387 1382 440 1422 E.
475 1382 588 1436 Hep.
623 1381 732 1422 Eur.
786 1381 878 1423 III.
913 1396 961 1436 p.
994 1381 1093 1422 135.
1168 1381 1253 1422 lV.
1280 1396 1327 1436 p.
1363 1380 1532 1421 XXV.
1574 1389 1615 1422 et

95 1451 139 1491 in
170 1450 320 1491 Lindl.
354 1451 526 1491 Introd.
561 1451 624 1491 ed.
661 1450 701 1491 2.
728 1466 776 1505 Ρ.
801 1451 901 1491 414.
983 1450 1221 1491 Endlz'clzer
1257 1451 1364 1491 Gen.
1402 1465 1450 1505 p.
1483 1449 1611 1490 1340.

93 1518 346 1572 Lejeunieae
384 1526 425 1560 et
463 1520 671 1560 Jubuleae
710 1520 914 1560 Dumort.
976 1520 1441 1576 Junyermanniearzmz
1478 1534 1611 1574 specc.

95 1587 299 1628 Dumort.

210 1656 505 1697 Fructificatio
537 1657 723 1698 feminea
754 1657 914 1698 ramulo
936 1658 1109 1712 proprio
1141 1672 1271 1712 saepe
1293 1657 1412 1698 brevi
1440 1656 1614 1697 suffulta

92 1722 278 1777 ideoque
333 1726 385 1766 ad
436 1727 622 1781 speciem
666 1727 852 1767 lateralis
894 1728 1085 1767 rariusve
1124 1727 1409 1767 dicliotomiae
1455 1724 1612 1779 angulo

91 1792 266 1835 inserta.
318 1793 534 1835 Pistillum
557 1795 733 1836 1-2-4.
781 1795 969 1850 Capsula
1001 1797 1141 1835 tenuis
1174 1810 1309 1849 usque
1340 1795 1390 1835 ad
1425 1794 1612 1835 medium

92 1866 255 1902 tantum
280 1864 582 1916 quadrivalviS,
617 1880 641 1905 e
673 1870 805 1905 strato
839 1865 1087 1905 cellularum
1118 1865 1279 1920 duplici
1312 1866 1475 1918 absque
1506 1864 1614 1904 fibra

91 1930 284 1971 annulari
335 1939 549 1974 constans.
629 1933 824 1974 Elateres
864 1934 1059 1989 unispiri.
1136 1933 1414 1974 Pedunculus
1455 1933 1610 1973 brevis.

92 1999 388 2042 Perianthium
421 2003 631 2057 regulare,
664 2008 738 2044 aut
768 2009 906 2051 teres,
951 2009 1025 2044 aut
1055 2003 1305 2059 depressum
1338 2008 1487 2043 ventre
1518 2002 1611 2056 gib-

90 2070 215 2117 boso,
262 2078 336 2113 aut
366 2072 629 2126 quadri-vel
662 2073 1032 2128 quinquangulare
1072 2073 1166 2128 plus
1210 2074 1347 2113 minus
1388 2073 1612 2113 evidenter

90 2146 384 2181 mucronatum
417 2155 489 2181 ore
522 2142 690 2182 demum
733 2142 1043 2183 bi-tri-rarius
1086 2142 1340 2196 quadrifido.
1405 2141 1529 2181 Folia
1567 2142 1611 2180 in

91 2208 354 2250 involucrum
384 2211 643 2251 transeundo
678 2213 792 2252 vario
822 2213 946 2252 modo
976 2211 1168 2252 ludentia
1199 2217 1243 2251 et
1270 2211 1445 2251 sormam
1470 2210 1610 2250 diver-

91 2291 178 2318 sam
217 2279 453 2320 indue-ntia.
517 2280 666 2321 Flores
708 2281 883 2322 masculi
933 2281 1001 2321 vel
1033 2281 1226 2321 monoeci
1271 2279 1337 2320 vel
1369 2285 1412 2320 et
1450 2279 1606 2329 dioeci‚

90 2345 308 2401 plerisque
348 2350 391 2388 in
435 2349 595 2389 ramulo
637 2351 809 2404 proprio
851 2356 970 2391 arcte
1012 2348 1235 2391 imbricato
1267 2349 1450 2389 disticho
1481 2349 1610 2403 spici·

90 2416 214 2457 sormi
247 2418 459 2473 dispositi.
523 2417 646 2459 Folia
668 2420 952 2474 perigonialia
973 2420 1299 2468 diversiformia‚
1334 2419 1476 2460 biloba
1501 2418 1610 2459 lobis

90 2486 437 2540 subaequalibuS.

207 2555 363 2597 Caules
393 2557 611 2612 depressi,
646 2557 855 2612 pinnatim
890 2559 1045 2598 ramosi
1082 2564 1155 2598 aut
1194 2564 1368 2613 propter
1399 2570 1609 2597 ramorum

91 2624 376 2677 frequentiam
441 2626 492 2666 ad
569 2627 759 2681 speciem
811 2627 1085 2668 inordinatim
1147 2628 1324 2675 ramosi,
1394 2639 1609 2679 nunquam

93 2706 242 2733 revera
309 2694 545 2749 simplices,
623 2695 806 2737 subinde
875 2695 1044 2738 furcati.
1143 2695 1268 2736 Folia
1334 2694 1607 2742 firmiuscula,

92 2760 269 2809 incuba,
304 2762 368 2802 vel
399 2764 623 2806 imbricata
654 2766 721 2807 vel
753 2766 1190 2821 squarroso-patula,
1229 2764 1506 2818 integerrima
1536 2770 1611 2804 aut

92 2829 287 2879 dentata,
345 2831 487 2873 multis
529 2834 740 2888 profunde
781 2836 946 2885 biloba,
1000 2836 1097 2875 lobo
1137 2834 1316 2875 ventrali
1353 2834 1518 2874 minore
1555 2833 1609 2873 ad

92 2897 256 2939 caulem
301 2900 483 2950 reflexo,
537 2902 663 2957 plano
705 2905 879 2946 varieve
924 2904 1152 2946 convoluto
1200 2908 1244 2943 et
1300 2909 1386 2943 tum
1436 2902 1608 2957 quidem
