1824 3252
735 198 930 243 Lejeunia.
1525 202 1598 236 389

271 313 432 354 Lcjeunia
468 313 684 356 myriocarpa
720 311 836 346 Mont.
871 312 908 346 in
944 311 1085 346 Rumon
1118 311 1215 346 dela
1240 311 1357 357 Sapra
1388 312 1468 347 hist.
1494 313 1596 360 plays.

355 371 395 405 de
421 369 518 404 Cuba
546 369 668 416 Orypt.
689 382 727 416 p.
752 373 834 405 473.

176 431 220 464 In
258 429 365 464 Cuba
402 429 524 463 insula
566 429 613 463 ad
654 430 827 464 arborum
874 434 1028 465 truncos
1069 429 1166 465 inter
1203 428 1386 464 Lichenes
1423 429 1512 474 legit
1549 430 1596 464 cl.

82 490 228 524 Ramon
254 489 300 523 de
326 489 362 523 la
387 488 508 531 Sagra
532 488 627 532 (Hb.
654 487 707 522 M.
737 493 774 523 et
800 489 849 524 N.
878 500 913 524 n.
945 490 1052 534 166.).

177 547 356 582 Proxima
389 547 534 582 accedit
567 547 757 593 Lejeuniae
787 549 1036 583 minutissimae
1073 547 1342 593 speciminibus
1376 546 1595 588 minoribus,

81 608 146 642 sed
172 607 319 642 differre
332 606 499 642 videtur:
524 606 631 640 caule
656 606 722 650 (ξ-
738 610 780 648 l}
801 607 863 642 lin.
887 608 1014 652 longo)
1038 607 1190 642 densius
1218 618 1375 648 ramoso,
1402 605 1596 648 crassiori;

80 666 176 701 foliis
214 666 358 701 ratione
391 666 543 710 plantae
580 666 804 707 maioribus,
847 667 935 700 retis
972 666 1128 701 maculis
1167 666 1372 701 minoribus
1416 665 1596 700 limitibus

80 725 357 769 angustioribus
383 724 573 766 discretis,
609 725 752 759 cellulis
777 724 1062 760 intercalaribus
1089 725 1188 760 senis
1214 725 1360 769 magnis
1386 724 1593 759 distinctis·

79 783 183 818 simis
208 784 446 818 circumdatis
473 788 510 818 et
534 784 573 818 in
600 788 756 828 utraque
784 784 978 828 superficie
1004 783 1466 829 papilloso-prominulis‚
1491 783 1596 827 peri-

79 843 215 878 anthiis
261 843 399 877 crebris
441 843 476 876 in
518 843 693 877 brevibus
739 843 889 876 ramulis
935 842 1143 887 (diphyllis)
1183 842 1403 877 lateralibus
1448 841 1595 885 magnis

78 902 270 945 papulosis
300 900 464 945 (angulis
503 901 667 946 quinque
708 902 844 935 validis
886 901 1029 935 obtusis
1072 901 1289 945 praeditis),
1327 901 1425 935 foliis
1462 900 1595 934 ramuli

78 960 256 995 fructiferi
276 959 478 993 minoribus
501 960 673 994 obovatis
700 960 736 994 in
764 959 901 994 nostris
927 960 1100 994 omnibus
1127 960 1293 1003 integris,
1321 960 1476 1003 capsula
1494 958 1596 993 ovali

77 1019 274 1053 tenerrima
313 1018 358 1051 ad
394 1020 417 1061 ἢ
440 1038 455 1044 -
484 1020 507 1060 ὲ
536 1018 765 1063 quadrifida,
808 1019 987 1053 elaterum
1021 1019 1257 1062 hyalinorum
1292 1020 1385 1053 fibra
1425 1019 1595 1053 obsoleta

77 1080 132 1122 (ut
158 1078 193 1112 in
220 1079 294 1124 qu.
321 1077 476 1111 calcarea
501 1082 538 1111 et
563 1077 827 1124 calyptrinlia).

170 1137 264 1171 Tota
297 1136 423 1180 planta
461 1137 652 1183 Lepi-uriae
687 1137 883 1171 cuiusdam
917 1136 1110 1180 dispersae
1150 1137 1274 1180 specie
1308 1136 1452 1180 prodit,
1485 1136 1594 1171 facile

74 1196 112 1230 in
139 1195 295 1229 frustula
321 1195 480 1229 discedit
512 1199 548 1229 et
580 1196 720 1230 crebris
754 1196 917 1240 undique
951 1196 1106 1239 gemmis
1132 1195 1370 1239 inspergitur.
1426 1195 1594 1229 Lobulus

75 1255 252 1289 ventralis
287 1259 373 1289 ante
407 1254 611 1298 marginem
648 1255 831 1299 posticum
869 1255 983 1290 lobuli
1018 1254 1178 1289 dorsalis
1213 1255 1295 1288 sinu
1331 1255 1465 1289 obtuso
1499 1255 1591 1288 diri-

75 1315 206 1355 mitur;
252 1313 409 1348 latitudo
457 1313 537 1347 eius
580 1313 815 1348 latitudinem
863 1314 935 1348 lobi
983 1315 1141 1350 dorsalis
1186 1315 1378 1349 dimidiam
1428 1319 1593 1359 superat.

75 1373 370 1417 Amphigastria,
396 1372 709 1417 quemadmodum
737 1373 774 1407 in
800 1374 878 1419 qu.
905 1376 1154 1417 minutissima,
1181 1386 1253 1409 non
1280 1374 1349 1409 nisi
1377 1374 1414 1408 in
1440 1374 1594 1409 ramulis

74 1432 261 1466 sterilibus
286 1431 488 1466 maioribus
514 1436 736 1472 occurrunt;
763 1432 800 1466 in
827 1433 883 1467 his
910 1438 1034 1467 autem
1061 1433 1237 1468 distincta
1262 1433 1467 1477 prodeunt,
1496 1433 1593 1469 sub-

73 1496 197 1534 ovata‚
224 1491 305 1526 sinu
333 1495 491 1535 angusto
517 1496 556 1526 at
581 1492 714 1526 obtuso
741 1492 788 1526 ad
815 1493 977 1526 medium
1004 1503 1121 1537 usque
1148 1492 1273 1533 bifida,
1300 1491 1444 1526 laciniis
1470 1493 1588 1527 subu-

74 1548 159 1583 latis
185 1550 340 1593 crassis,
374 1562 421 1585 ex
457 1561 535 1585 una
561 1551 779 1586 cellularum
806 1552 901 1587 serie
927 1551 1151 1593 exstructis;
1185 1551 1328 1596 reliqua
1353 1555 1394 1585 ut
1420 1551 1591 1587 soliorum

74 1608 148 1642 tela
173 1609 350 1644 cellulosa
376 1610 498 1654 spissa
523 1615 580 1644 est
606 1614 643 1644 et
667 1610 822 1645 tumida.

353 1704 431 1736 197.
481 1702 743 1747 Lejeunz'a
767 1701 1126 1737 Lhotaeskianoe
1155 1701 1315 1745 Hampe.

167 1770 211 1804 L.
247 1772 389 1815 exiyua,
423 1772 518 1806 caule
551 1773 702 1817 riyidulo
736 1774 1118 1813 firmicum-ramoso,
1153 1771 1260 1817 foliis
1286 1772 1410 1817 parvis
1442 1773 1593 1806 concavis

71 1830 228 1874 mat-qino
259 1829 410 1864 ventrali
443 1832 586 1865 incurvo
617 1832 848 1877 intqqerrimis
879 1830 1159 1866 subverticalibus
1189 1832 1331 1872 crassas,
1365 1829 1593 1876 inferioribus

72 1886 222 1932 oblongis
246 1888 401 1931 alternis,
426 1890 659 1936 svmeriorz'bus
684 1891 836 1925 ovulz'bus
860 1892 955 1925 dense
980 1889 1418 1931 adscendenti-imbricatis,
1450 1890 1589 1935 amphi-

66 1947 210 1991 9astm'is
245 1947 370 1990 nullis,
408 1948 580 1983 involucri
601 1950 709 1995 foliis
743 1949 967 1991 brevioribus,
995 1949 1196 1995 perianthio
1232 1950 1268 1983 in
1302 1948 1397 1983 caule
1420 1948 1592 1994 ramisque

57 2004 269 2049 fortioribus
294 2005 436 2041 laterali
459 2020 581 2053 mayno
594 2009 814 2055 pyriformi-
829 2008 1070 2054 campanulum
1096 2010 1144 2043 acl
1166 2010 1296 2055 apicem
1315 2015 1509 2055 pentaqono
1533 2020 1591 2042 ore

68 2064 273 2110 quadrifido.
326 2066 483 2101 Gottsche
510 2067 607 2103 leon.
634 2068 776 2114 queun.
803 2068 832 2102 1.
861 2071 895 2101 2.

163 2123 208 2157 In
236 2125 408 2159 arborum
436 2126 567 2161 Novae
596 2127 823 2161 Hollandiae
851 2127 988 2164 cortice
1014 2128 1104 2172 legit
1131 2129 1296 2172 Lhotzky
1324 2126 1418 2172 (Hb.
1446 2127 1554 2171 Hp.).

163 2181 370 2217 Persimilis
406 2185 597 2231 queuuiae
628 2186 877 2220 minutissimae
909 2187 931 2225 β
964 2188 1219 2234 inconspieuae,
1255 2198 1325 2221 nec
1361 2186 1484 2221 differt
1514 2186 1587 2220 nisi

68 2240 166 2274 foliis
191 2240 522 2286 diversiformibus,
548 2244 615 2280 reti
643 2245 810 2288 spissiori
826 2245 1017 2289 porisormi
1044 2246 1327 2292 perianthioque
1353 2255 1419 2289 pro
1445 2247 1589 2279 statura

68 2299 219 2341 plantae
259 2301 389 2343 grandi
429 2303 525 2337 foliis
564 2304 678 2347 duplo
712 2305 842 2338 saltem
882 2305 1004 2340 altiori
1040 2306 1196 2352 basique
1230 2305 1348 2349 magis
1381 2308 1586 2346 attenuato,

67 2357 152 2391 hinc
186 2359 310 2402 potius
342 2361 544 2404 pyriformi.
612 2364 823 2397 Occurrunt
857 2364 945 2398 solia
979 2365 1054 2399 fere
1089 2365 1126 2400 in
1161 2365 1369 2409 cylindrum
1405 2373 1586 2398 conumve

67 2419 289 2461 convoluta;
319 2420 509 2464 superiora
536 2425 658 2455 autem
685 2421 811 2456 omnia
837 2423 999 2468 oblonga
1025 2429 1112 2459 sunt
1139 2430 1204 2459 aut
1228 2423 1586 2468 elliptica,concava

68 2476 233 2520 margine
268 2478 426 2512 ventrali
460 2479 579 2523 magis
614 2480 802 2522 involuto,
839 2482 954 2517 lobuli
989 2488 1115 2518 autem
1148 2483 1314 2527 vestigiis
1348 2481 1460 2516 nullis
1494 2492 1581 2525 per-

68 2534 218 2579 spicuis.
270 2537 608 2584 Capsulassparvm
646 2540 929 2584 campanulata‚
967 2543 1195 2588 quadrifida,
1233 2541 1395 2588 pallida,
1432 2540 1580 2586 pedun-

67 2595 150 2629 culo
178 2595 291 2631 brevi.

372 2680 450 2713 198.
500 2678 762 2725 mejeaemia
787 2683 1062 2718 cucullata
1096 2683 1145 2719 N.
1172 2683 1220 2717 ab
1247 2683 1290 2717 Ε.

162 2746 206 2780 L.
241 2747 335 2781 caule
361 2747 490 2792 pusillo
502 2749 678 2796 filiformi
701 2750 905 2797 subpimzato
939 2762 1072 2800 repente
1089 2755 1322 2801 parasitunte‚
1345 2753 1453 2799 foliis
1474 2755 1580 2789 verti-

66 2805 194 2839 ealibus
218 2805 587 2853 orbiculato-oblonyis
610 2809 842 2855 inteyerrimis
870 2811 924 2845 vel
955 2811 1029 2846 basi
1051 2813 1201 2847 ventrali
1224 2812 1356 2847 cellulis
1374 2815 1576 2859 prominen-

67 2864 156 2897 tibus
180 2863 383 2905 creuulaffs,
421 2865 494 2900 basi
522 2869 690 2913 producta
722 2869 894 2904 cucullata
921 2872 1043 2916 inflata
1070 2872 1159 2905 laevi
1181 2873 1259 2905 sinu
1291 2884 1311 2905 a
1337 2871 1408 2906 lobo
1432 2873 1581 2908 subiecto

65 2921 263 2968 subaequali
286 2923 413 2965 divisa,
449 2926 710 2971 amphiyastriis
734 2928 941 2964 distantibus
954 2930 1061 2975 foliis
1084 2930 1191 2964 multo
1216 2930 1404 2966 minoribus
1427 2931 1580 2967 ovalz'bus
