1824 3252
760 189 1005 233 Plagiochila.
1569 199 1643 230 637

117 302 274 346 ἰηιυῃίηε
306 307 451 346 utroque
485 300 717 343 subrecurvz‘s,
756 302 955 348 periantlaeio
993 303 1127 338 demum
1164 292 1310 339 axi'llari
1348 317 1388 339 ex
1428 313 1529 341 ovata
1569 306 1644 342 basi

118 359 265 405 liqulato
290 361 427 395 dentato
440 360 540 406 folia
567 360 793 395 iuvolucralc'a
819 368 928 395 erecta
953 361 1109 407 elonyata
1132 371 1327 410 superante.

308 421 514 463 Plagiochila
543 421 771 452 confe1·1ifolia
808 420 942 467 Taylor
968 421 1056 456 Nov.
1086 423 1221 469 Hepat.
1248 424 1284 458 in
1310 424 1422 459 Lond.
1449 425 1577 462 Jouru.
1605 427 1650 472 ‘ff

398 478 464 513 boe.
495 481 596 513 1846.
616 491 656 525 p.
683 482 767 513 270.
793 493 828 515 n.
854 483 915 515 27.

212 549 375 585 Habitat
399 550 436 584 in
465 550 628 585 Brasilia
655 550 810 585 australi
838 551 990 594 (Sellow
1015 551 1052 584 in
1080 551 1157 587 Hb.
1186 552 1293 597 Hk.).

213 609 409 653 Caespites
447 610 774 645 olivaceo-fusei.
849 610 986 645 Caulcs
1021 613 1045 644 2
1076 611 1199 654 pollio.
1235 612 1312 647 alti.
1371 613 1477 648 Folia
1510 614 1640 650 leviter

115 668 351 704 decurrentia
378 672 478 703 statu
506 669 606 703 sicco
631 673 788 713 utroque
806 669 973 713 margine
994 680 1160 713 recurva,
1188 670 1400 707 humectata
1419 673 1493 708 fere
1514 675 1638 718 plana.

211 728 368 762 Accedit
402 729 448 762 ad
477 727 539 763 Pl.
571 727 772 769 Bzmburu',
813 738 835 762 a
878 740 953 773 qua
996 728 1092 763 foliis
1132 730 1362 773 longioribus
1395 734 1639 769 erectioribus

115 787 413 832 profundiusque
440 788 602 822 dentatis
630 798 649 821 e
679 787 757 821 basi
784 788 1062 831 angustioribus
1088 789 1221 824 differt.
1271 791 1423 835 (Taylor
1445 793 1469 826 l.
1496 794 1548 837 c.)

114 883 153 916 p.
182 875 242 906 34.
383 873 441 905 24.
479 870 819 917 Plagioch-z‘la
845 870 1160 916 secur-{folia
1187 873 1233 906 N.
1260 873 1307 906 ab
1334 874 1377 908 Ε.

113 930 151 964 in
169 931 272 965 calce
290 930 391 964 loco:
420 929 644 974 Playioclzila
662 929 890 975 inteyrffolz'a,
912 930 1074 974 legatur:
1103 932 1323 977 Playz‘oclzila
1340 932 1638 979 subinteyerrima.

114 1036 151 1069 p.
180 1027 240 1060 35.
313 1027 362 1060 26
382 1025 419 1059 b.
458 1025 797 1070 Plumea-hila
821 1025 1079 1061 Diels-soni
1105 1025 1324 1070 Hook.jun.
1340 1031 1376 1061 et
1389 1028 1493 1070 Tayl.

210 1096 272 1131 Pl.
300 1095 395 1130 caule
422 1095 578 1140 elonyato
605 1095 679 1129 lasne
694 1096 874 1141 caespitoso
890 1109 973 1141 voye
997 1109 1132 1130 ramoso
1151 1096 1213 1130 sub
1230 1099 1325 1143 apice
1337 1098 1434 1144 proli
1452 1099 1508 1131 ero
1528 1100 1637 1133 ramis

111 1156 184 1191 basi
210 1156 391 1190 denudatis
415 1155 650 1201 complanatis,
672 1155 770 1198 foliis
794 1156 1042 1201 adprom'matis
1067 1162 1198 1189 erecto-
1206 1156 1403 1202 patentibus
1427 1159 1633 1191 rotundato-

110 1216 259 1250 obovatis
291 1218 386 1263 apice
422 1216 571 1249 dentatis
603 1216 762 1258 margine
793 1215 924 1248 ‹lm-sali
957 1215 1212 1249 decurrentibus
1222 1242 1231 1258 ,
1267 1216 1466 1262 pericmtlzio
1502 1218 1636 1251 (lentum

110 1273 253 1308 axillari
277 1286 464 1319 compresso
490 1286 530 1307 ex
553 1279 704 1318 auqusta
728 1272 801 1307 basi
824 1272 976 1315 obaz-ato,
1001 1273 1132 1309 ciliato.

301 1334 508 1376 Plagiochila
535 1332 704 1365 Dieksoni
744 1332 846 1379 Tayl.
875 1333 963 1367 Nov.
991 1333 1086 1379 Hep.
1120 1334 1157 1367 in
1192 1333 1305 1369 Loud.
1330 1334 1459 1369 Journ.
1495 1335 1539 1380 (ff
1566 1335 1632 1369 hot.

389 1394 493 1426 1846.
514 1404 553 1437 p.
580 1394 665 1426 267.
692 1404 725 1426 u.
753 1395 812 1426 20.

204 1449 369 1485 Habitat
395 1450 433 1484 in
461 1451 594 1494 Dusky
624 1452 705 1494 Bay
735 1451 865 1485 Novae
895 1451 1122 1484 Zeelandiae
1148 1451 1363 1496 (Menzies).

206 1510 345 1544 Caules
371 1509 516 1544 flaccidi
545 1514 582 1544 et
608 1521 691 1543 cum
719 1510 878 1544 surculis
906 1510 1259 1554 iterato-proliferis
1284 1515 1307 1545 6
1324 1533 1338 1539 -
1356 1516 1378 1546 7
1404 1513 1491 1556 poll.
1519 1513 1633 1557 longi,

111 1568 159 1601 ad
200 1569 363 1612 speciem
397 1569 603 1613 interrupte
641 1569 755 1604 foliati
793 1574 943 1613 propter
980 1569 1090 1604 bases
1125 1571 1353 1605 novellorum
1387 1573 1463 1606 fere
1499 1573 1631 1606 nudas.

110 1627 259 1662 Surculi
287 1629 424 1672 pallide
451 1628 702 1669 fusco-flavi,
738 1628 956 1672 plerumque
988 1629 1187 1672 simplices.
1240 1631 1370 1665 Refert
1402 1632 1465 1666 Pl.
1503 1633 1631 1672 laxam,

109 1698 206 1731 quae
233 1692 357 1723 tamen
384 1688 481 1722 foliis
508 1688 626 1731 magis
653 1688 880 1722 distantibus
907 1692 944 1722 et
970 1688 1143 1732 ellipticis
1170 1691 1321 1733 gaudet,
1349 1695 1384 1725 et
1400 1691 1631 1725 surculorum

107 1748 319 1791 interrupta
355 1746 496 1781 foliatio
530 1758 580 1781 ex
613 1747 871 1790 angustiorum
906 1747 1181 1791 perigoniorum
1216 1749 1432 1793 praesentia
1457 1750 1634 1794 originem

107 1806 223 1842 ducit.
277 1807 425 1850 (Taylor
449 1807 471 1839 l.
499 1809 551 1850 c.)

108 1901 145 1933 p.
174 1892 232 1924 35.
379 1892 439 1924 28.
479 1890 820 1935 Playiocln‘la
846 1891 1146 1924 dichotoma
1173 1889 1221 1923 N.
1250 1889 1297 1923 ab
1325 1890 1368 1927 E.

107 1949 224 1983 Lecta
253 1949 364 1983 etiam
392 1949 428 1982 in
457 1949 586 1982 Insula
612 1949 790 1983 Trinidad
817 1949 1008 1993 (Beyrich,
1038 1949 1115 1983 Hb.
1142 1949 1213 1992 L.).

106 2043 142 2076 p.
170 2034 230 2066 36.
410 2035 457 2066 29
478 2032 512 2065 b.
550 2032 890 2078 Playtocmla
903 2030 1159 2079 fusffera
1184 2031 1332 2075 Taylor.

202 2103 266 2139 Pl.
294 2103 390 2138 caule
415 2103 490 2137 laxe
516 2105 698 2149 caespz'toso
725 2111 833 2137 erecto
858 2116 992 2138 ramoso
1017 2104 1123 2150 foliis
1148 2104 1341 2138 imbricatis
1372 2111 1504 2137 erecto·
1511 2111 1635 2150 paten-

109 2163 200 2198 tibus
226 2164 632 2209 elonyato-sem{cordatis
656 2163 782 2197 obtusis
807 2163 961 2196 recurris
986 2163 1142 2208 maryine
1166 2162 1278 2206 infero
1297 2163 1456 2208 apiceque
1473 2164 1632 2204 dentatis,

105 2234 229 2267 supero
254 2222 478 2267 inteyerrimo
505 2223 705 2257 decurrente
730 2223 893 2267 utrinque
910 2224 1072 2264 recurvis,
1093 2221 1284 2267 periyoniis
1295 2220 1461 2266 plurimis
1485 2222 1633 2267 spicato-

107 2280 317 2316 lanceolatis.

299 2341 510 2383 Plagioehila
546 2341 684 2373 fusisera
720 2340 852 2386 Taylor
879 2340 966 2374 Nov.
993 2340 1122 2386 Hepat.
1149 2341 1187 2373 iu
1213 2340 1324 2373 Lond.
1350 2339 1477 2373 Journ.
1504 2341 1548 2385 of
1565 2340 1630 2375 hot.

388 2402 490 2434 1846.
516 2412 551 2445 p.
577 2402 661 2434 268.
687 2412 722 2432 η.
748 2403 807 2433 24.

202 2458 364 2492 Habitat
401 2459 438 2492 in
474 2459 600 2492 Africa
641 2457 818 2499 centrali3
873 2458 909 2491 in
955 2457 1058 2491 fatali
1104 2457 1345 2502 expeditione
1389 2458 1437 2491 ad
1472 2457 1630 2502 Nigrum

107 2519 379 2562 explorandum
406 2518 550 2552 invenit
576 2517 784 2552 indefessus
811 2517 930 2559 Vogel
957 2517 1052 2560 (Hb.
1081 2517 1184 2559 Hk.).

203 2577 400 2621 Caespites
426 2577 621 2622 pollicares
649 2581 686 2610 et
711 2577 827 2617 ultra,
867 2576 1024 2610 obscure
1059 2575 1228 2610 olivacei.
1280 2575 1417 2609 Caules
1444 2575 1631 2618 irregula-

107 2634 196 2669 riter
235 2637 394 2679 ramosi,
438 2637 515 2670 fere
554 2635 665 2670 ramis
713 2635 884 2670 omnibus
931 2636 967 2669 in
1015 2635 1138 2669 medio
1186 2635 1242 2668 vel
1280 2636 1318 2668 in
1355 2635 1630 2669 summitatibus

106 2694 392 2739 &florescentium
441 2695 631 2729 masculam
671 2695 900 2739 gerentibus.
967 2694 1073 2728 Folia
1120 2694 1201 2727 basi
1253 2694 1411 2728 ventrali
1456 2694 1629 2736 cristata;

96 2753 272 2798 folionum
291 2754 562 2800 periyonialium
589 2755 699 2788 bases
718 2754 898 2795 tumidae,
927 2758 1025 2787 arcte
1052 2753 1283 2793 imbricatae,
1311 2753 1436 2796 apices
1463 2754 1626 2787 subcon-

107 2812 193 2847 torti
228 2818 264 2847 et
299 2815 697 2858 squarroso-recurvi.
752 2814 882 2848 Refert
908 2813 971 2847 Pl.
1007 2824 1187 2846 concavam
1219 2812 1285 2846 sed
1326 2816 1453 2846 nostra
1487 2817 1628 2847 statura

107 2871 260 2915 maiori,
307 2872 425 2915 magis
461 2883 605 2907 ramosa
640 2877 675 2907 et
709 2873 807 2908 soliis
850 2873 1078 2917 longioribus
1114 2871 1233 2915 magis
1271 2872 1554 2906 decurrentibus
1592 2876 1629 2905 et

107 2930 321 2966 distinctius
348 2931 584 2967 denticulatis
611 2933 760 2976 gaudet.
