1824 3252
169 214 240 246 608
870 207 1014 242 Riccia.

252 339 286 368 a,
314 324 481 370 vnlyaris,
510 323 692 356 frondibus
719 324 834 355 minus
860 322 1037 366 profunde
1058 323 1183 364 incisis,
1209 323 1297 356 lobis
1316 324 1533 357 snbcordatis
1550 326 1705 368 margine

313 383 674 417 subadscendeutibus
701 383 859 415 crenatis.

449 440 620 476 Lindenb.
647 439 671 475 l.
696 453 725 475 c.
778 440 826 474 N.
853 439 897 474 ab
923 440 971 476 Ε.
998 440 1022 475 l.
1049 453 1077 475 c.

447 502 567 582 Ricifila1
589 502 783 582 crysgxllgna
812 499 946 534 Raddi.
975 500 1101 545 Mouy.
1127 506 1160 534 et
1174 499 1286 534 Nestl.
1313 499 1370 534 St.
1397 511 1446 534 cr.
1479 500 1705 545 Voy.-Rlzen.

572 574 580 583 .
607 561 642 583 n.
697 553 720 582 4
748 574 756 582 .

446 610 559 646 Riccia
579 610 774 653 crystallina
800 620 904 640 var-‚oc
927 606 1020 642 Web.
1044 614 1078 641 et
1092 607 1215 649 Mem,
1239 606 1565 654 Lclb9.Hep.Em·.
1581 620 1656 642 var.
1672 609 1705 647 β.

446 670 561 701 Riccia
588 668 728 700 cordata
761 667 844 702 Vill.
873 666 935 702 Fl.
962 667 1096 714 Delplt.
1124 668 1199 702 III.
1219 680 1258 714 p.
1283 670 1367 702 927.
1394 680 1428 702 n.
1456 671 1491 702 2.
1519 674 1544 701 t.
1559 670 1618 703 55.
1643 669 1658 701 7

249 730 282 768 β,
310 729 513 773 angustior,
554 728 735 760 frondium
762 729 893 760 laciniis
921 729 1108 761 linearibus
1137 730 1232 772 apice
1259 740 1381 771 parum
1409 728 1554 760 dilatatis
1581 740 1709 760 crenu-

312 789 379 820 lato
390 807 408 812 —
421 788 656 830 emarginatis.

447 846 616 881 Lindenb.
633 845 655 880 l.
675 858 703 880 c.
725 849 858 893 p.438.
884 844 991 888 (excl.
1010 859 1083 893 syn.
1105 845 1206 881 Vaill.
1226 853 1258 881 et
1274 846 1366 882 Dill.
1390 848 1437 881 ad
1459 860 1566 882 vav-,cz
1580 850 1707 893 spect.)

447 898 563 928 Riccia
592 907 778 927 cavernosa
805 894 947 941 Hoff'm.
975 895 1112 930 Raddi.

446 945 561 976 Riccia
590 944 843 976 minorisorm‘is
871 944 932 977 Ho
968 956 1013 978 m.

236 1016 274 1045 γ,
303 1004 483 1037 frondium
510 1004 642 1035 laciniis
669 1003 858 1036 linearibus
886 1004 937 1036 bis
966 1003 1091 1035 bifidis.

445 1061 617 1097 Lindeub.
652 1061 676 1097 l.
703 1074 733 1097 c.
763 1074 803 1109 p.
829 1065 914 1097 438.
967 1062 1016 1096 Ν.
1045 1061 1089 1096 ab
1114 1060 1161 1096 E.
1197 1060 1221 1097 I.
1248 1073 1278 1096 c.
1315 1068 1346 1095 et
1379 1062 1416 1096 in
1450 1062 1567 1097 Mart.
1604 1062 1704 1096 Flor-

504 1110 618 1145 Bras.
646 1110 677 1145 I.
706 1114 736 1144 l.
757 1123 796 1157 p.
823 1114 909 1145 300.

266 1172 427 1207 Habitat
453 1170 543 1205 locis
571 1169 777 1212 inundatis,
804 1171 884 1204 solo
911 1170 1034 1205 lutoso
1060 1169 1215 1203 humido
1241 1168 1356 1204 totius
1381 1169 1568 1214 Europae,
1595 1170 1709 1204 Asiae

166 1233 308 1268 boreali
340 1253 355 1259 -
385 1230 631 1267 occidentalis
667 1234 705 1264 et
740 1229 938 1264 Americae
972 1229 1142 1275 tropicae
1176 1229 1221 1273 (oe
1254 1227 1292 1263 in
1327 1229 1446 1271 Chili;
1482 1239 1508 1269 γ
1540 1229 1577 1263 in
1607 1230 1704 1263 Bra-

166 1293 268 1334 silia;
298 1292 473 1332 Martius,
501 1290 580 1325 Hb.
611 1289 688 1335 N.).

583 1352 642 1384 27.
694 1350 880 1385 Riccia
904 1351 1150 1386 velutina
1182 1349 1295 1383 Wils.

265 1410 314 1444 R.
352 1411 550 1451 terrestris,
586 1409 706 1444 subtus
740 1411 868 1457 copiose
899 1410 1117 1452 racliculosa,
1159 1409 1333 1451 relatiua,
1356 1409 1490 1455 fmmle
1518 1409 1708 1444 orbiculari

167 1484 285 1506 crassa
312 1470 687 1505 cellulum-succulenta
712 1482 862 1504 convexa
889 1470 1015 1512 Ιούαΐα,
1043 1469 1127 1504 lobis
1150 1470 1304 1504 currentis
1318 1467 1512 1503 imbricatis
1531 1467 1707 1514 sabbficlis

166 1531 302 1566 laciniis
329 1531 532 1564 incrassatis
557 1530 699 1572 obtusis,
725 1530 876 1577 capsulis
899 1532 1042 1577 copiosis
1067 1529 1236 1565 immersis
1260 1530 1395 1564 demum
1419 1528 1707 1576 superficialibus,

164 1591 317 1637 sperulis
341 1591 532 1625 acerrimis.

358 1652 473 1683 Riccia
501 1652 651 1683 velutina
686 1649 808 1684 Hook.
837 1649 935 1684 Icon.
956 1649 1166 1696 plantarum
1197 1648 1271 1684 Vol.
1298 1649 1347 1684 V.
1375 1656 1400 1683 t.
1425 1652 1510 1685 249.

262 1711 305 1744 In
333 1711 459 1744 Texas
487 1711 533 1744 ad
562 1714 700 1744 terram
728 1710 818 1754 legit
845 1710 1093 1745 Drummond.

258 1770 476 1814 Specimina
518 1769 661 1804 sterilia
705 1769 807 1804 sicca
849 1770 1029 1805 simulant
1074 1780 1242 1815 pannum
1286 1769 1535 1805 holosericum
1570 1768 1699 1802 viridi-

160 1830 446 1872 ssavescentem3
489 1829 624 1864 fertilia
651 1841 739 1865 vero
767 1830 964 1872 fructibus,
991 1831 1129 1876 quibus
1155 1831 1256 1865 frons
1282 1830 1424 1875 repleta
1454 1835 1523 1871 est,
1551 1828 1702 1863 emersis

162 1889 338 1923 amittunt
365 1890 464 1923 hunc
492 1890 726 1933 adspectum.
780 1890 902 1924 Nobis
929 1890 1028 1924 haud
1056 1890 1149 1926 visa.

255 1950 449 1993 „Species
483 1948 576 1981 haec
609 1953 709 1982 statu
739 1948 839 1983 sicco
866 1954 904 1983 et
928 1961 1041 1990 sano,
1077 1950 1157 1984 scil.
1183 1948 1380 1994 superficie
1411 1949 1533 1983 adhuc
1558 1949 1703 1992 integra

160 2019 228 2042 nec
262 2008 443 2042 fructibus
480 2007 762 2050 emergentibus
798 2008 989 2053 disrupta,
1032 2009 1232 2043 frustulum
1266 2008 1382 2053 panni
1416 2008 1570 2043 velutini
1605 2009 1701 2041 laete

159 2067 440 2102 ssavo-virentis
476 2066 587 2100 refert
628 2071 781 2110 propter
817 2068 972 2102 cellulas
1005 2069 1211 2103 tumidulas
1244 2069 1365 2103 lucem
1399 2067 1630 2111 excipientes
1664 2072 1702 2101 et

161 2130 406 2162 reflectente&
459 2126 717 2170 Specimiuum
748 2125 1024 2161 fructiferorum
1050 2129 1160 2172 longe
1195 2128 1367 2163 diversus
1394 2132 1451 2162 est
1485 2127 1699 2170 adspectus.

160 2187 203 2220 In
232 2186 352 2230 prima
379 2190 503 2220 aetate
529 2186 630 2220 enim
657 2186 840 2222 iuveniles
867 2188 1059 2231 capsulae,
1087 2189 1281 2231 globosae,
1308 2200 1328 2224 e
1354 2187 1457 2222 tenui
1482 2187 1701 2232 membrana

159 2251 375 2281 constantes
402 2246 639 2291 sporulisque
667 2246 838 2281 obscuris
864 2248 1042 2291 repletae,
1071 2260 1136 2292 per
1163 2258 1310 2283 omnem
1334 2252 1553 2283 contextum
1580 2246 1697 2280 cellu-

159 2307 275 2341 losum
304 2306 517 2340 interiorem
544 2306 739 2351 dispersae
766 2306 962 2349 videntur3
1002 2313 1125 2342 aetate
1145 2309 1380 2352 provectiore
1408 2312 1533 2342 autem
1559 2317 1696 2351 capsu-

159 2367 217 2400 lae
246 2367 290 2400 ad
320 2366 554 2411 superficiem
578 2370 778 2410 penetrant
804 2366 1017 2412 emissoque
1044 2373 1135 2402 tunc
1163 2368 1306 2402 semine
1333 2369 1473 2402 multae
1499 2367 1536 2401 in
1563 2377 1697 2411 super-

158 2427 239 2461 ficie
274 2432 459 2471 apparent
487 2426 680 2468 foveolae3
724 2426 824 2471 quod
864 2437 948 2460 cum
986 2427 1134 2470 evenit,
1177 2428 1278 2463 color
1317 2439 1473 2463 amoene
1511 2426 1699 2462 velutinus

158 2487 310 2530 plantae
338 2487 517 2530 disparet.
571 2486 668 2530 Styli
695 2485 856 2529 vestigia
885 2497 957 2520 non
984 2486 1107 2520 vidi.⁴‘
1160 2487 1335 2531 (Hooker
1360 2488 1384 2522 l.
1411 2488 1461 2531 c.)

351 2561 410 2593 28.
462 2558 649 2593 Riccia
674 2558 1090 2594 membranacea
1116 2558 1296 2593 Gottsche
1323 2562 1359 2592 et
1385 2558 1507 2602 Ldbg.

256 2617 306 2651 R.
323 2617 460 2663 fronde
485 2618 687 2653 tenuissima
712 2619 975 2653 membranacea
999 2618 1245 2654 subeam-nasa
1256 2618 1396 2661 fibrosa
1421 2630 1564 2651 nervosa
1588 2630 1605 2651 e
1626 2616 1699 2651 basi

157 2676 357 2721 anyustffire
380 2676 492 2711 subito
518 2679 710 2713 rotundam
735 2681 893 2725 maryine
918 2678 1256 2714 ereuato-suhlobata
1279 2677 1399 2711 subtus
1424 2677 1610 2712 concolore-

304 2736 475 2771 Liebman
499 2738 567 2771 iter
592 2738 771 2774 DIerican.
797 2741 920 2774 incdit.

256 2796 417 2831 Habitat
441 2797 479 2831 in
507 2797 616 2832 terris
643 2798 860 2833 Mexicanis
885 2799 923 2833 in
951 2798 1120 2842 margine
1146 2797 1296 2842 paludis
1324 2797 1552 2842 (Liebman).

257 2857 286 2889 A
322 2856 372 2891 R.
397 2856 604 2903 crystallina
638 2857 760 2892 differt
794 2858 926 2892 fronde
961 2857 1180 2892 tenuissima
1215 2858 1501 2892 membranacea
1537 2857 1692 2890 fibroso-

159 2925 329 2949 nervosa.
394 2916 537 2951 Forsan
580 2916 762 2952 Ricciellis
797 2918 1102 2959 adnumeranda,
1143 2917 1280 2963 quibus
1319 2923 1469 2952 textura
1506 2915 1694 2950 convenit.

159 2973 317 3010 Frondis
346 2976 461 3011 forma
489 2988 510 3011 a
539 2977 589 3012 R.
606 2978 778 3023 fluitante
804 2977 1057 3022 distinguitur.
