1824 3252
136 176 209 209 358
807 165 1002 210 Lejeunia.

136 284 331 334 quadruplo
361 282 551 318 minoribus
589 278 792 314 orbiculatis
825 285 923 313 amate
957 279 1071 325 bifidis
1104 279 1239 314 laciniis
1272 279 1502 327 subcontiyuis
1534 280 1668 314 mutiu-

136 345 252 386 sculis,
267 345 400 391 fructu
427 340 565 375 laterali
588 338 715 380 sessili,
744 338 913 372 involucri
926 337 1034 383 foliis
1059 339 1188 373 duobus
1215 339 1447 385 conformibus
1465 339 1573 387 paulo
1597 339 1666 373 mi-

137 402 280 438 noribus
317 399 565 447 amphiyastrio
606 398 765 438 obovato,
809 397 1011 443 periantln'o
1056 398 1196 432 obovato
1235 406 1396 433 truncato
1433 401 1531 435 dorso
1562 399 1671 446 plano

139 463 338 498 bicostulato
363 467 478 495 ventre
501 459 612 492 medio
638 457 752 491 obtuse
776 458 946 491 carinato.

328 520 600 562 Jungermannia
628 518 775 561 trapezia
804 517 851 550 N.
877 516 920 550 ab
936 517 982 551 E.
1011 516 1141 550 Enum.
1162 515 1215 562 pl.
1240 524 1350 563 crypt.
1376 518 1496 553 Javae.
1525 521 1669 555 Ἐπί-,1.

411 590 450 624 p.
477 580 536 612 41.
562 590 598 611 u.
624 579 684 611 53.

209 639 244 678 β,
270 637 396 678 minor,
423 640 530 680 magis
558 638 724 669 conferta.

236 698 398 731 Habitat
413 697 450 731 in
470 697 601 731 Insula
621 696 732 736 Java,
762 695 808 728 ad
830 693 982 729 Collema
1002 693 1171 729 bullatum
1199 695 1312 729 semel
1340 695 1505 738 inventa,
1532 697 1672 742 absque

138 756 422 792 fructificatione
449 756 544 798 (Hb.
576 756 653 800 Ν.).
715 754 806 788 Var.
842 756 863 795 β
897 754 934 788 iu
972 753 1103 789 Insula
1137 755 1235 788 Java
1271 755 1319 789 ad
1356 756 1492 800 pedem
1525 756 1672 802 Merapi

138 818 274 852 montis
303 817 398 851 inter
425 816 580 850 Muscos
608 815 784 849 arboreos
812 814 901 858 legit
927 813 1132 858 Junghuhn
1158 814 1253 858 (Hb.
1284 815 1360 859 Ν.).

234 877 339 911 Folia
366 875 734 920 disticho-patentia,
762 874 1095 916 subhorizontalia‚
1117 874 1294 920 pleraque
1313 875 1490 919 contigua
1506 876 1673 910 rariusve

138 935 305 971 nonnihil
343 934 563 978 imbricata,
604 925 829 980 quandoque
866 934 1151 975 remotiuscula,
1197 939 1217 976 ὲ
1253 935 1316 969 lin.
1352 936 1483 979 longa,
1523 936 1674 981 oblique

138 1000 251 1030 ovata
279 999 315 1029 et
341 994 594 1039 subtr-apamia,
623 995 772 1035 obtusa,
791 995 1045 1038 integerrima,
1071 996 1211 1040 pallide
1234 996 1505 1041 viridi-grisea,
1533 997 1673 1035 tenuia,

139 1054 306 1098 margine
346 1055 465 1089 insero
503 1055 677 1089 deorsum
716 1061 877 1098 angusto
925 1055 1130 1099 linearique
1175 1056 1297 1100 spatio
1336 1056 1389 1091 ita
1430 1057 1590 1097 inflexa,
1635 1061 1675 1089 ut

140 1114 289 1149 lobulus
325 1114 726 1149 lineari-lanceolatus
759 1115 917 1155 oriatur,
959 1115 1004 1148 ad
1044 1117 1065 1158 ἓ
1097 1115 1172 1149 solii
1212 1126 1458 1159 procurrens,
1498 1115 1560 1148 axi
1598 1115 1673 1149 folii

139 1175 341 1218 parallelus
376 1175 534 1220 sinuque
570 1185 688 1218 parvo
724 1174 760 1208 in
798 1174 874 1209 folii
910 1174 1089 1209 laminam
1125 1175 1334 1216 transiens;
1379 1175 1468 1208 retis
1503 1175 1674 1209 maculae

139 1233 293 1273 densae,
321 1245 478 1277 parvae,
507 1235 782 1276 subrotundaQ
818 1234 925 1269 lineis
953 1234 1155 1279 duplicatis
1183 1234 1442 1269 validiusculis
1469 1234 1674 1275 discretae;

140 1293 311 1326 maculae
337 1293 578 1329 intercalares
606 1294 860 1329 indistinctae.
914 1295 1180 1340 Amphtyastria
1207 1295 1408 1336 distantia,
1446 1294 1543 1329 soliis
1576 1306 1671 1339 qua-

140 1352 274 1397 druplo
324 1354 488 1396 minora,
549 1354 698 1397 patula,
751 1366 797 1388 ex
852 1354 1016 1398 elliptico
1063 1355 1319 1395 subrotunda,
1383 1356 1515 1399 plana,
1568 1356 1675 1400 apice

141 1412 343 1446 rotundata
379 1418 416 1447 et
452 1413 498 1447 ad
526 1415 548 1455 ᾖ
577 1434 592 1439 -
624 1415 645 1455 ὲ
672 1413 810 1456 incisa,
847 1414 1079 1457 marginibus
1114 1414 1228 1447 rimae
1261 1415 1490 1460 quandoque
1526 1417 1675 1450 omnino

140 1471 327 1515 contiguis
362 1471 546 1516 integrum
575 1473 881 1517 amphigastrium
917 1473 1163 1518 fingentibus,
1198 1478 1386 1508 caeterum
1423 1476 1676 1518 integerrima,

142 1531 195 1564 uti
233 1531 320 1565 solia
357 1533 566 1567 reticulata.
619 1533 870 1567 Pto-z‘antltium
904 1533 941 1567 in
978 1533 1120 1568 ramulo
1156 1533 1258 1568 brevi
1295 1534 1468 1577 laterale3
1505 1546 1675 1579 parvum,

141 1592 163 1633 {-
190 1590 252 1625 lin.
280 1592 453 1635 longum,
479 1593 910 1636 obovato-oblongum,
944 1593 1141 1634 obtusum,
1169 1604 1283 1637 supra
1309 1593 1463 1638 planum
1492 1598 1556 1628 aut
1583 1594 1673 1627 sub-

142 1661 354 1685 convexum
383 1651 565 1696 lineisque
593 1651 741 1686 duabus
767 1652 956 1696 parallelis
984 1663 1114 1696 parum
1143 1653 1299 1687 elevatis
1326 1657 1515 1694 notatum,
1544 1654 1677 1687 subtus

141 1708 179 1743 in
208 1710 331 1745 medio
358 1712 564 1745 secundum
593 1712 865 1755 longitudinem
892 1712 1021 1746 carina
1048 1713 1183 1746 obtusa
1212 1713 1423 1755 latiuscula,
1453 1714 1680 1758 quandoque

143 1768 346 1812 deplanata
361 1771 586 1814 praeditum,
615 1783 678 1806 ore
699 1772 930 1806 denticulato
954 1772 1141 1814 ciliatove,
1168 1772 1362 1808 involucro
1381 1773 1495 1817 duplo
1522 1774 1680 1818 triplove

143 1827 303 1870 longius.
356 1830 538 1865 Involucri
563 1831 650 1866 solia
680 1831 767 1871 duo,
796 1831 950 1877 reliquis
977 1832 1194 1874 conformia,
1223 1844 1290 1867 nec
1318 1833 1388 1868 nisi
1415 1833 1540 1868 lobulo
1567 1834 1680 1877 paulo

144 1886 268 1922 latiori
285 1890 478 1934 magisque
500 1892 631 1935 patulo
658 1891 880 1925 differentia.
922 1892 1243 1935 Amphigastrium
1272 1892 1501 1928 involucrale
1528 1892 1680 1936 reliquis

144 1947 288 1989 maius,
340 1949 502 1984 obovato
527 1970 543 1976 -
568 1950 799 1994 oblongum,
851 1951 1028 1985 obtusum
1046 1977 1055 1992 ‚
1106 1951 1274 1994 margine
1319 1956 1479 1996 utroque
1527 1951 1678 1986 reflexo.

144 2005 322 2041 Fructum
350 2019 425 2043 non
454 2009 628 2045 vidimus.

427 2093 508 2125 113.
559 2091 823 2137 Dejeunia
847 2091 1173 2137 Meyeniana
1205 2091 1252 2126 N.
1282 2091 1328 2125 ab
1357 2092 1400 2126 Ε.

242 2148 283 2182 L.
318 2149 417 2183 caule
450 2157 546 2184 arcte
577 2158 713 2197 repente
735 2163 819 2196 vaqe
844 2150 1146 2197 subpiuuntimque
1170 2163 1324 2189 ramoso,
1350 2151 1457 2197 soliis
1488 2151 1681 2185 ‘imbricatis

143 2205 415 2252 oblonyowvatis*
448 2211 646 2244 rotundatis
689 2211 784 2256 apice
812 2209 934 2256 planis
967 2209 1088 2244 subtus
1126 2210 1429 2254 lmzyitudiualz'ter
1470 2211 1681 2258 complicatis

145 2266 255 2301 Iobulo
281 2267 575 2314 lineari-oblonyo
605 2271 702 2316 apice
733 2269 866 2316 oblique
899 2277 1061 2304 truncato
1085 2277 1185 2305 acuto
1217 2270 1268 2305 vel
1292 2278 1510 2311 transeunte,
1544 2268 1677 2315 amplii-

140 2328 285 2371 yastriis
315 2329 441 2374 parvis
473 2329 746 2364 ‹reali-rotundis
780 2331 1013 2375 inteyemimz's
1044 2331 1288 2376 anyustissime
1320 2331 1455 2371 incisis,
1486 2331 1618 2375 fructu
1642 2329 1680 2362 in

144 2386 292 2421 ramulis
323 2387 465 2423 laterali
496 2389 624 2430 sessili,
648 2389 755 2435 foliis
786 2389 1055 2424 imolam-adibus
1086 2390 1318 2437 conformibus
1341 2389 1551 2429 minoribus,
1583 2388 1679 2433 peri-

143 2446 266 2481 ambio
290 2447 430 2483 obovato
449 2448 657 2495 pedicellato
682 2450 781 2484 dorso
800 2449 909 2495 plano
933 2449 990 2484 vel
1012 2450 1268 2485 concaviusculo
1292 2448 1509 2494 maryinibus
1533 2449 1677 2482 adscen-

145 2504 302 2541 dentibus
334 2514 453 2542 ventre
484 2510 533 2543 ad
555 2508 686 2555 apicem
711 2509 963 2551 bicarinulaw,
999 2510 1216 2555 nmryinibus
1249 2508 1451 2544 lateralibus
1483 2507 1680 2554 compressis

145 2565 335 2610 anyulatis.
388 2566 551 2602 Gottsclte
577 2567 676 2602 Icon.
704 2568 850 2614 Lejeun.
877 2569 948 2604 VI.
975 2573 1011 2604 5.

337 2627 505 2669 Lejeunia
531 2629 733 2673 Meyeniana
752 2628 796 2661 G.
815 2628 859 2661 L.
887 2636 920 2662 et
934 2629 982 2663 N.
1010 2629 1054 2663 ab
1079 2629 1126 2663 E.
1143 2628 1387 2675 Hip-Meyen.
1414 2628 1452 2662 in
1473 2627 1525 2674 pl.
1540 2626 1679 2673 Meyen.

428 2687 476 2720 N.
505 2686 589 2722 Act.
614 2686 728 2721 Acacl.
757 2687 805 2721 N.
834 2686 919 2722 Cur.
946 2688 1065 2723 XIX.
1092 2688 1217 2734 suppl.
1248 2691 1279 2723 1.
1301 2700 1339 2734 p.
1366 2691 1449 2723 472.

243 2742 407 2778 Habitat
432 2744 469 2779 in
497 2745 628 2780 Insula
647 2745 806 2788 Manna,
834 2747 898 2780 ubi
925 2747 1085 2791 Aspidio
1111 2746 1260 2781 cuidam
1287 2747 1512 2792 irrepentem
1539 2748 1681 2784 invenit

145 2799 279 2836 illustr.
306 2801 444 2848 Meyen
469 2804 564 2849 (Hb.
591 2805 672 2850 Ν.).

242 2861 277 2896 Α
302 2862 383 2909 Lej.
411 2865 570 2911 trapezia
595 2864 719 2900 differt
744 2865 843 2901 foliis
869 2865 1120 2909 longioribus,
1154 2865 1432 2912 ampbigastriis
1457 2865 1678 2901 minoribus.

147 2919 182 2955 A
210 2921 291 2969 Lej.
317 2922 503 2960 imbricata
528 2928 567 2960 et
590 2924 763 2962 soliorum
791 2925 910 2962 forma
935 2929 973 2961 et
999 2926 1278 2971 amphigastriis
1304 2925 1538 2962 discernitur.
