1824 3252
733 182 1039 224 sungermannia.
1597 188 1643 220 79

361 298 393 329 9.
444 295 880 340 Junyermaemnia
906 296 1186 330 contracta
1222 294 1269 328 N.
1298 295 1344 328 ab
1371 296 1413 329 Ε.

220 355 257 388 J.
284 353 380 389 caule
399 353 644 399 procumbente
659 354 816 399 flexuoso
850 353 973 387 araizo
998 355 1094 399 apice
1120 354 1322 395 innovante,
1348 353 1454 397 foliis
1477 355 1639 388 semiver-

127 413 287 449 ticalibas
311 412 593 447 adscendentibus
625 414 722 459 apice
759 412 914 447 recurvis
938 413 1047 447 ovatis
1072 412 1531 458 cuspiclulato-mucronatis
1555 414 1643 447 inte-

121 473 287 517 yerrimis
307 472 468 517 maryine
491 483 612 518 supero
636 471 870 517 subrepando,
894 471 1094 517 periantlzio
1119 471 1259 517 oblonyo
1278 472 1410 517 plicato
1428 485 1486 506 ore
1512 472 1643 513 ciliato,

112 532 220 576 foliis
246 530 511 566 involat-ramus
536 531 668 576 trifidis
693 529 746 564 vel
764 530 947 576 plurifidis
971 531 1132 564 dentatis.

311 593 579 634 Jungermanuia
606 600 776 623 contracta
813 589 862 623 R.
892 590 939 623 N.
973 596 1007 624 et
1035 589 1097 623 ΒΖ.
1133 589 1227 635 Hep.
1254 589 1336 624 Jav.
1373 591 1410 624 in
1444 591 1527 625 Act.
1555 591 1641 624 Nat.

402 637 487 671 Cur.
514 637 589 672 XI.
617 640 647 671 l.
678 649 716 682 p.
742 640 824 671 233.
859 649 895 672 n.
922 640 980 671 49.
1032 637 1115 683 Spr.
1144 637 1184 671 S.
1220 637 1298 681 Vey.
1326 637 1393 672 IV.
1435 641 1463 672 l.
1494 650 1533 684 p.
1559 641 1642 673 230.

400 697 434 718 n.
466 688 544 719 153.
597 685 644 718 Ν.
671 684 713 717 ab
741 684 789 718 E.
816 684 910 730 Hep.
938 684 1019 719 Jav.
1040 697 1078 730 p.
1105 687 1163 719 28.
1189 696 1224 719 n.
1249 688 1309 720 32.

317 743 480 777 Gottsclae
508 744 561 778 Ic.
590 744 683 789 Hep.
709 743 799 777 ined.

219 802 364 837 Crescit
388 801 426 835 in
453 806 571 843 terra,
596 801 694 836 inter
722 812 889 843 muscos,
917 802 964 835 ad
990 803 1109 836 latera
1133 802 1314 837 montium
1340 803 1459 838 Javae
1485 801 1642 837 insulae.

124 862 168 896 In
195 861 312 896 Sticta
336 862 475 895 sinuata
501 860 610 894 Alex.
638 861 766 894 Braun
793 860 951 904 primum
978 860 1129 896 inventa
1154 866 1222 897 est.

193 920 230 963 β,
256 922 346 953 soliis
373 922 527 963 margine
554 931 679 962 supero
707 932 777 952 non
803 919 974 962 repandis.

192 989 229 1020 γ,
256 989 381 1012 statura
409 980 584 1012 teneriori.

200 1037 230 1079 δ,
256 1039 371 1071 Novae
398 1038 610 1070 Hollaudiae.
660 1037 801 1071 Forsan
821 1038 970 1083 propria
994 1039 1132 1081 species.

217 1095 470 1130 Per-iantlzium
502 1099 592 1130 2-3
620 1096 682 1129 lin.
710 1096 874 1139 longum,
911 1107 1040 1130 versus
1067 1096 1210 1140 apicem
1237 1096 1362 1140 plicis,
1389 1092 1544 1141 quorum
1568 1109 1639 1132 nu-

120 1165 244 1190 merus
269 1154 413 1196 variat,
450 1154 680 1189 contrahitur
705 1154 743 1188 in
769 1165 904 1189 conum
919 1155 1250 1198 .obtusiusculum‚
1287 1155 1393 1190 cuius
1420 1157 1517 1201 apici
1544 1157 1642 1199 cilia,

121 1215 262 1249 cellulis
288 1216 371 1248 4-6
397 1213 544 1257 singula
577 1215 671 1248 serie
698 1213 889 1258 dispositis
916 1214 1138 1256 constituta,
1175 1214 1351 1258 imposita
1387 1219 1484 1248 sunt.
1536 1215 1643 1249 Folia

120 1273 347 1308 involucralia
385 1272 624 1307 inveniuntur
650 1272 738 1306 bina
778 1276 935 1317 utroque
972 1273 1086 1308 late-re
1124 1274 1289 1317 calycem
1329 1273 1537 1317 cingentia,
1577 1275 1642 1310 sed

122 1334 259 1378 ubique
285 1332 323 1367 in
344 1335 472 1367 ventre
497 1331 666 1366 invenies
693 1331 782 1365 bina
808 1332 926 1365 altera
952 1331 1052 1373 folia,
1079 1332 1127 1366 ad
1145 1332 1263 1366 instar
1281 1333 1642 1376 amphigastriorum,

121 1396 158 1426 et
185 1392 302 1426 forma
328 1390 488 1425 diversa.
541 1391 635 1425 Cum
664 1401 848 1434 nusquam
875 1389 911 1423 in
938 1386 1088 1435 plausa,
1132 1401 1201 1424 nec
1227 1391 1264 1424 in
1292 1391 1388 1425 foliis
1418 1392 1636 1426 subinvolu-

122 1450 284 1485 cralibus
318 1449 586 1494 amphigastria
620 1450 835 1491 videantur,
876 1454 912 1483 et
947 1450 1035 1494 quia
1069 1449 1158 1484 bina
1190 1449 1282 1484 talia
1308 1449 1395 1484 solia
1428 1450 1640 1484 aberrantia

120 1509 374 1550 inveniuntur,
400 1508 492 1542 haec
508 1508 595 1542 folia
615 1507 797 1543 ventralia
813 1518 887 1542 non
910 1519 977 1551 pro
997 1509 1272 1552 amphigastriis
1299 1509 1485 1544 haberem.
1535 1509 1641 1543 Folia

121 1568 363 1603 involucralia
399 1567 520 1601 trifida
547 1572 653 1608 sunt,
690 1569 748 1602 vel
775 1569 887 1604 etiam
914 1569 1038 1612 plures
1066 1570 1221 1604 lacinias
1251 1574 1476 1609 monstran13
1504 1567 1640 1601 adsunt

121 1628 195 1662 duo
228 1626 343 1661 lobuli
377 1626 557 1667 maiores,
603 1627 701 1660 unde
735 1627 773 1660 in
801 1628 1091 1662 Enumeratione
1128 1629 1176 1672 pl.
1202 1628 1288 1662 Jav.
1324 1627 1435 1661 bifida
1467 1626 1636 1660 nomina-

118 1686 266 1720 bantur.
326 1685 403 1718 Par
438 1684 597 1727 primum
640 1685 810 1719 foliorum
846 1685 1148 1720 subinvolucrale
1184 1686 1290 1720 binos
1333 1686 1438 1720 lobos
1480 1684 1638 1718 maiores

118 1748 154 1777 ct
182 1743 328 1777 tertium
356 1746 560 1785 angustum
587 1742 711 1777 habet.
762 1743 976 1788 (Gottsche)

215 1801 322 1835 Obs.
353 1803 382 1834 l.
414 1800 637 1844 Exemplum
664 1801 814 1844 plantae
840 1802 1061 1844 simillimae,
1087 1803 1215 1837 habitu
1237 1802 1387 1838 omnino
1400 1802 1637 1847 Janyerman-

118 1861 196 1894 niae
221 1859 409 1900 coloratae,
446 1858 553 1902 apice
588 1859 771 1904 cauteque
807 1864 884 1895 toto
918 1861 1030 1895 etiam
1058 1872 1353 1905 purpurascens,
1385 1861 1483 1895 foliis
1514 1859 1637 1904 planis

118 1917 254 1952 strictis
279 1917 410 1952 erectis
436 1920 473 1951 et
497 1917 706 1961 perianthio
732 1919 870 1953 dorsali
896 1923 1228 1964 ovato-tetragono
1254 1920 1387 1954 differt.
1434 1920 1490 1953 An
1510 1928 1636 1952 revera

117 1977 290 2012 distincta
318 1975 485 2020 species?

211 2036 320 2071 Obs.
346 2038 381 2070 2.
415 2035 447 2068 E
478 2034 586 2070 Nova
614 2035 818 2071 Hollandia
849 2037 887 2070 in
915 2037 990 2070 Hb.
1017 2038 1059 2072 L.
1087 2042 1123 2072 ct
1147 2039 1215 2081 Lg.
1252 2041 1464 2072 asservatur
1495 2037 1635 2080 planta,

116 2105 212 2139 quae
238 2105 464 2138 quamquam
491 2094 624 2129 minori
650 2099 813 2138 statura,
848 2095 1061 2130 affinitatem
1088 2107 1179 2130 sane
1205 2107 1378 2140 magnam
1404 2095 1527 2139 prodit
1552 2105 1635 2128 cuni

115 2154 225 2198 Juny.
248 2159 424 2187 contracta
446 2153 492 2186 N.
528 2158 565 2187 et
598 2165 666 2197 pro
705 2153 887 2189 varietate
922 2155 1053 2189 Novae
1087 2155 1317 2191 Hollandiae
1350 2155 1479 2191 haberi
1514 2157 1635 2198 potest

115 2211 234 2244 donec
259 2211 487 2246 fructiferam
515 2212 721 2247 videamus.

388 2308 443 2340 10.
493 2303 927 2353 Junyerma‘mzia
951 2309 1206 2344 Doniana
1241 2308 1364 2343 Hook.

208 2375 246 2408 J.
282 2376 380 2409 caule
413 2383 525 2410 erecto
556 2383 617 2411 aut
650 2379 793 2412 decurvo
824 2380 916 2413 nudo
943 2392 961 2413 e
985 2386 1104 2414 ventre
1129 2380 1330 2421 innovante,
1353 2379 1459 2425 foliis
1490 2379 1630 2414 subver-

116 2433 275 2467 ticalibns
299 2435 581 2469 adscendentibus
612 2438 868 2483 approximatis
902 2438 1172 2483 ovato-oblonyis
1204 2439 1443 2483 inteyerrimis
1478 2438 1633 2473 concavis

113 2491 271 2535 margine
305 2492 445 2526 incurvo
471 2493 567 2539 apice
591 2502 735 2539 anquste
760 2496 965 2539 bidentatis,
1000 2498 1086 2531 retis
1119 2497 1265 2532 maculis
1291 2497 1443 2542 exiquis,
1482 2498 1631 2532 interca-

115 2548 246 2584 laribus
280 2552 416 2595 maynis
454 2551 632 2595 eoloratis,
673 2553 870 2599 periantlzio
899 2555 1032 2600 plicato
1058 2562 1155 2590 ovato
1187 2568 1245 2590 ore
1271 2555 1469 2591 lacinulato.

300 2612 567 2654 Jungermannia
603 2613 761 2644 Doniana
795 2613 911 2646 Hook.
952 2614 1052 2650 Brit.
1088 2615 1199 2659 Juny.
1235 2621 1259 2648 t.
1291 2617 1350 2649 39.
1409 2613 1518 2658 Enyl.
1545 2612 1629 2647 Bot.

389 2675 413 2702 t.
441 2671 548 2703 2566.
601 2670 649 2702 N.
668 2669 709 2704 ab
730 2670 777 2703 E.
812 2671 906 2716 Hep.
934 2672 1027 2708 Eur.
1056 2674 1128 2707 ΙΙΙ.
1166 2685 1202 2719 p.
1229 2676 1312 2708 549.
1337 2676 1420 2708 539.
1452 2684 1488 2706 n.
1519 2674 1565 2705 33
1594 2671 1628 2703 b.

391 2726 459 2760 IV.
480 2739 518 2772 p.
546 2727 671 2763 XLV.
725 2728 889 2763 Gottsclce
915 2730 969 2765 Ic.
997 2732 1091 2777 Hep.
1119 2732 1209 2767 ined.

209 2783 368 2817 Habitat
401 2785 441 2818 in
481 2786 670 2821 montibus
699 2788 889 2823 altissimis
917 2790 1067 2825 Scotiae
1095 2792 1215 2834 (Don,
1245 2791 1416 2829 Hooker,
1453 2786 1627 2838 Greville,

114 2839 174 2884 qui
190 2840 329 2884 primus
344 2843 509 2886 plantam
525 2846 751 2881 fructiferam
768 2847 947 2895 invenit),
976 2849 1124 2894 Styriae
1151 2847 1385 2893 (Welwitsch
1400 2846 1436 2879 in
1450 2845 1525 2878 Hb.
1544 2843 1626 2887 N.);

114 2899 158 2932 ad
188 2909 281 2934 saxa
306 2901 381 2935 uda
407 2903 565 2939 declivia
593 2905 807 2949 Hercyniae
835 2907 1036 2951 superioris
1062 2907 1265 2953 (Wallroth
1293 2906 1329 2939 in
1358 2903 1432 2937 Hb.
1463 2902 1539 2945 N.).
