1824 3252
606 1085 890 1154 Tribus
951 1087 1013 1153 I.

355 1227 1266 1347 langermannieae.

308 1395 377 1444 N.
416 1397 478 1444 ab
517 1396 583 1444 E.
625 1396 762 1460 Hep.
804 1396 936 1443 Eur.
976 1395 1053 1444 lV.
1084 1415 1138 1460 p.
1182 1396 1320 1445 XIX.

186 1511 403 1558 Fructus
472 1509 757 1564 solitarius,
836 1509 1147 1573 ,capsulffl-is,
1230 1511 1582 1575 quadrivalvis

52 1587 239 1652 (rarius
286 1588 593 1652 plurivalvis
645 1596 736 1636 aut
783 1589 1022 1649 lacerus).
1105 1588 1329 1636 Elateres
1380 1592 1580 1640 semini-

53 1668 148 1714 bus
184 1666 455 1715 interiecti.
532 1666 796 1730 Vegetatio
833 1673 923 1713 aut
963 1665 1157 1721 foliosa,
1195 1676 1286 1714 aut
1324 1668 1580 1718 frondosa.

342 1789 817 1847 Hemicyelum.
878 1790 927 1832 Ι.
972 1789 1284 1835 Foliosae.

449 1871 560 1904 Foliis
586 1871 764 1905 distinctis
790 1869 920 1904 caulem
948 1871 1180 1904 vestientibus.

607 1975 919 2029 Subtribus
962 1975 1010 2028 Ι.

528 2087 1106 2153 Gymnomitria.

225 2178 284 2219 N.
319 2178 371 2218 ab
408 2178 458 2219 E.
493 2178 520 2219 I.
552 2194 588 2219 c.
623 2178 660 2220 Ι.
687 2193 735 2233 p.
766 2178 824 2219 99
855 2185 895 2218 et
925 2177 1025 2219 106.
1060 2176 1145 2219 IV.
1173 2191 1221 2232 p.
1258 2176 1408 2219 XXI.

167 2270 465 2312 Perianthium
489 2271 554 2313 vel
571 2272 745 2321 nullum,
771 2272 836 2313 vel
854 2272 1075 2313 involucro
1097 2277 1341 2313 conflatum.
1379 2271 1584 2326 Calyplra

52 2340 272 2381 involucro
305 2341 571 2382 circumdata
603 2347 647 2383 et
679 2341 744 2382 vel
777 2343 829 2382 ab
863 2342 1015 2382 eodem
1048 2341 1271 2382 recondita
1304 2341 1371 2381 vel
1394 2347 1581 2381 exserta.

51 2408 242 2464 Capsula
305 2409 624 2464 quadrivalvis,
684 2412 1043 2453 membranaceo·
1062 2410 1303 2451 chartac-ea.
1386 2409 1582 2450 Elateres

51 2479 216 2534 bispiri.

166 2548 350 2591 Plantae
381 2555 553 2591 erectae
585 2550 653 2591 vel
686 2556 902 2606 repentes,
936 2550 1119 2591 distiche
1148 2550 1214 2591 vel
1235 2548 1430 2589 tristiche
1461 2549 1579 2589 folio-

50 2633 136 2669 sae,
168 2619 282 2660 foliis
314 2619 538 2661 indefinite
569 2621 788 2661 succubis.
840 2619 1136 2661 Fructifieatio
1165 2616 1413 2660 terminalis.

376 2712 414 2755 Ι.
473 2711 986 2769 Haplomitrium
1019 2712 1079 2753 N.
1114 2714 1167 2753 ab
1200 2711 1253 2753 Ε.

146 2780 238 2826 Hep.
268 2781 360 2816 Eur.
389 2783 419 2816 1.
442 2795 480 2828 p.
502 2785 692 2825 100‚109;
735 2782 803 2816 IV.
827 2794 864 2828 p.
894 2781 1013 2816 XXI.
1075 2781 1240 2815 Gottsche
1273 2781 1314 2814 (Ie
1341 2778 1582 2825 Haplomitrio

49 2840 85 2872 in
113 2840 200 2875 Nov.
231 2840 312 2875 Act.
341 2841 407 2874 Ac.
434 2842 520 2876 Nat.
549 2854 624 2877 cur.
652 2842 748 2876 XX.
778 2845 808 2876 l.
831 2854 869 2888 p.
893 2845 964 2876 265
990 2854 1061 2887 sqq.
1094 2854 1123 2875 c.
1149 2841 1236 2876 tabb.
1266 2844 1297 2874 8.
1354 2838 1460 2872 Emll.
1491 2838 1579 2871 Gen.

44 2909 81 2941 p.
113 2899 216 2931 1344.
243 2910 279 2932 n.
305 2900 434 2945 474s3.
488 2902 673 2948 Mniopsis.
703 2902 815 2937 Dum.

148 2956 404 2992 Perianthium
432 2960 585 2994 nullum.
639 2961 817 3005 Calyptra
844 2960 1035 2994 involucro
1062 2961 1218 3004 longior.

1234 3029 1246 3058 1
