1824 3252
608 207 849 250 Plagiochila.
893 207 1091 251 Scapania.
1563 214 1603 244 61

387 322 443 353 99.
496 320 833 365 Plumae-hila
867 323 1077 357 castata
1116 321 1160 356 N.
1190 321 1235 355 ab
1264 322 1306 355 E.

187 391 242 425 Pl.
270 390 365 424 saule
386 389 627 435 procumbente
652 391 748 436 apice
772 392 998 427 adscendente
1022 393 1223 435 (ΙὶσΙιοίοηιο,
1240 392 1345 438 foliis
1366 400 1460 427 arete
1486 394 1605 428 imbri-

86 454 169 486 catis
195 449 561 485 ‹Iimicliato-cordatis
594 450 751 493 mar-(sine
782 451 913 486 dorsali
938 453 1063 498 resseoeo
1089 458 1180 486 recto
1205 453 1315 494 nudo,
1353 452 1502 486 ventrali
1526 465 1602 486 anz-

82 510 349 556 pleiyastriisque
375 507 568 542 imbricatis
593 509 862 545 cordato-oratis
887 513 998 545 acutis
1023 511 1323 553 dentato-eiliatis,
1338 513 1469 557 fructu
1489 511 1604 545 diolco-

86 571 208 604 tomiae
233 568 407 614 imposito,
437 567 636 612 perinutlaio
658 569 1094 616 pyramidali-trianyulo,
1127 571 1264 615 anytclz's
1289 582 1412 616 oreque
1446 576 1606 604 truncato

84 631 223 662 dentato
233 648 246 652 -
258 627 397 679 cjliatis.

276 685 446 720 Limleub.
474 685 573 731 Spee.
603 687 697 732 Hep.
722 698 756 731 p.
790 690 866 722 145.
893 700 927 722 n.
954 692 1013 723 89.
1041 695 1065 723 t.
1093 692 1152 724 26.

272 747 538 788 Jungermannia
567 755 692 777 costam
721 745 769 779 N.
797 746 839 779 ab
866 747 913 780 E.
941 748 1035 793 Hep.
1062 747 1145 782 Jav.
1165 760 1203 793 p.
1230 751 1288 782 69.
1314 759 1348 782 n.
1377 750 1433 783 94.

181 804 340 838 Habitat
364 804 461 837 inter
486 814 634 837 muscos
664 803 752 837 locis
779 805 957 839 montosis
983 806 1102 840 Javae
1130 807 1296 850 (mame,
1325 806 1401 840 Hb.
1433 806 1507 851 N.).

178 865 238 896 Ob
266 863 371 903 folia,
407 868 491 896 ante
520 863 724 905 marginem
750 862 937 898 dorsalem
963 866 1122 906 reflexa,
1157 870 1235 900 tota
1259 866 1388 909 planta
1416 867 1538 910 (sicuti
1566 872 1601 900 et

82 924 205 967 plures
233 923 342 955 huius
367 913 514 964 ’generis
541 926 579 955 at
601 922 738 956 eximie
768 923 858 956 haee
878 924 1065 968 quidem),
1092 935 1111 958 a
1141 929 1243 968 tergo
1272 925 1363 965 visa,
1389 925 1502 959 costis
1528 926 1595 958 ob-

82 982 190 1027 liquis
224 982 442 1024 obtusisque
490 986 619 1014 notata
651 981 809 1015 videtur.
871 983 1121 1026 Longitudine
1154 989 1210 1018 est
1244 984 1353 1018 unius
1387 983 1531 1028 pollicis
1564 989 1601 1017 et

81 1041 382 1086 sesquialtciius‚
415 1040 548 1073 coloris
577 1040 726 1074 sordide
761 1041 930 1078 olivacei.
983 1042 1087 1077 Folia
1115 1044 1280 1086 margine
1306 1043 1460 1077 ventrali
1486 1043 1598 1077 etiam

81 1112 254 1140 recurva,
306 1100 386 1133 basi
434 1099 608 1141 dilatata,
665 1100 901 1136 decurrentia
942 1106 1094 1148 totoque
1140 1104 1209 1138 hoc
1257 1103 1423 1146 margine
1460 1102 1596 1136 einata.

82 1160 348 1206 Annibi-(fastida
385 1158 640 1201 magnitudine
680 1159 757 1194 fere
802 1161 970 1196 foliorum
987 1189 996 1204 ,
1045 1162 1159 1197 dense
1211 1162 1281 1196 sibi
1332 1161 1597 1199 incumbentia,

79 1222 397 1260 cordato-ovata,
426 1224 548 1260 acuta,
577 1223 654 1253 toto
682 1220 821 1255 ambitu
850 1221 1188 1257 dentato-einata.

463 1311 611 1352 Sectio
641 1313 682 1354 6.
743 1314 1217 1360 Dendroideae.

178 1394 283 1427 Rami
303 1393 378 1426 basi
400 1393 683 1436 flagelliformes,
712 1395 818 1439 apice
836 1395 1065 1430 dendroidei.
1106 1395 1212 1430 Folia
1233 1394 1597 1439 oblongo-emptica,

77 1453 312 1497 integerrima
339 1453 488 1497 oblique
518 1453 640 1488 bifida.

312 1538 389 1569 100.
438 1538 778 1583 Plagiocln‘la
811 1537 1126 1574 demach-omes
1164 1536 1211 1572 N.
1238 1538 1285 1571 ab
1313 1538 1356 1572 E.

174 1605 235 1640 Pl.
262 1607 359 1641 caule
384 1607 597 1642 horizontali
622 1610 818 1655 interrupte
842 1622 974 1643 ramoso
988 1608 1285 1655 flayeHiferoque,
1313 1609 1422 1643 ramis
1434 1608 1593 1654 fascicu-

78 1666 158 1700 latis
189 1667 363 1708 dec-urvis,
394 1667 500 1711 foliis
534 1669 873 1703 subhorizontalihus
908 1669 1051 1702 ‹listielee
1082 1669 1218 1715 patulis
1250 1667 1595 1713 oblonqo-elliptieis

75 1727 186 1759 acutis
211 1725 347 1770 oblique
372 1725 562 1761 bidentata's
588 1728 831 1772 imeyerrimis‚
846 1729 977 1774 fructu
1002 1731 1040 1763 in
1059 1729 1166 1763 ramis
1184 1727 1374 1768 terminali,
1396 1726 1596 1772 periantleio

74 1786 163 1820 ovali
187 1786 396 1830 inaminata,
424 1798 482 1820 ore
508 1786 671 1821 bilabiato
696 1787 826 1822 eiliato.

266 1845 437 1880 Lindenb.
466 1846 564 1892 Spee.
593 1847 685 1892 Hep.
708 1859 746 1893 p.
779 1850 856 1881 146.
882 1859 916 1880 n.
942 1850 1000 1881 90.
1029 1852 1054 1880 t.
1080 1850 1140 1881 30.

263 1905 530 1945 Jungennaunia
566 1906 776 1938 dendroides
813 1906 860 1939 N.
885 1905 927 1939 ab
954 1905 1002 1940 E.
1030 1905 1123 1950 Hep.
1149 1904 1230 1938 Jav.
1252 1916 1288 1950 p.
1314 1906 1372 1938 77.
1398 1916 1432 1937 71.
1464 1906 1542 1938 104.

169 1964 327 1998 Habitat
361 1963 397 1996 in
430 1963 528 1996 Java
562 1963 684 1997 insula
717 1964 762 1998 ad
799 1969 935 1998 terram
963 1964 1052 1998 locis
1080 1963 1280 2005 montosis,
1316 1964 1442 1998 rarior.
1496 1963 1589 1996 Cum

74 2024 340 2068 Plaraymicoma
365 2023 524 2068 subfusca
557 2024 674 2057 mixta
702 2024 972 2058 inveniebatur.
1026 2024 1069 2057 In
1097 2023 1239 2058 Manila
1268 2022 1395 2057 Insula
1431 2022 1589 2066 (Meyen

71 2085 106 2118 in
136 2084 209 2117 Hb.
239 2083 323 2126 H.).

442 2189 580 2231 VIII.
646 2189 965 2245 SeapanIa
1025 2189 1212 2244 Lindbg.

166 2283 315 2317 Radula
358 2283 457 2316 Sect.
497 2285 531 2316 2.
603 2283 795 2328 Scapania
833 2282 1000 2316 Dumort.
1047 2282 1186 2328 Sylloge
1222 2281 1406 2327 Junyerm.
1450 2296 1489 2329 p.
1526 2286 1585 2318 38.

71 2342 302 2386 Plagioehila
341 2342 440 2376 Secl.
481 2346 515 2377 2.
567 2343 757 2387 Scapania
792 2343 840 2375 N.
866 2342 908 2376 ab
936 2342 983 2377 E.
1029 2342 1162 2387 Hepat.
1203 2341 1296 2377 Eur.
1331 2344 1406 2378 III.
1438 2356 1474 2390 p.
1501 2347 1584 2379 518.

70 2403 323 2447 Plagiochilae
349 2412 472 2445 specc.
494 2402 660 2436 Endliclz.
680 2403 768 2437 Gen.
795 2413 831 2445 p.
851 2404 953 2436 1344.
980 2413 1014 2435 n.
1036 2401 1158 2448 473sl.
1209 2401 1437 2436 Candolleae
1463 2413 1584 2446 specc.

70 2462 191 2496 Raddi
224 2461 262 2494 in
297 2460 380 2494 Aet.
420 2461 562 2495 Moden.
596 2461 714 2495 XIX.
764 2461 1083 2504 Jungermanniae
1116 2461 1215 2495 Sect.
1254 2460 1305 2494 11.
1342 2461 1583 2496 Nemorosae.

68 2519 257 2554 Subdivis.
286 2521 316 2554 1.
341 2520 550 2554 Genuinae.
592 2520 683 2566 Hep.
711 2520 803 2554 Eur.
833 2520 862 2554 I.
893 2532 932 2566 p.
963 2523 1024 2554 171
1057 2539 1100 2547 -
1126 2523 1208 2554 224.
1266 2519 1584 2562 Jungermanniae

67 2589 189 2622 spece.
218 2578 300 2612 Lin.
327 2585 359 2612 et
384 2585 493 2613 auc-tt.
522 2579 631 2613 Endl.
662 2570 811 2625 Gensp.
839 2582 896 2612 45.

164 2649 417 2683 Perianthium
457 2649 674 2691 terminale,
717 2650 844 2693 laeve,
880 2660 902 2684 a
936 2654 1040 2694 tergo
1084 2654 1286 2696 ventreque
1328 2662 1580 2696 compressum

66 2711 150 2741 ante
177 2713 278 2742 setae
304 2708 541 2744 emissionem
569 2709 673 2753 apice
700 2709 902 2743 decurvum
936 2709 1482 2745 herbaceo-membranaceum
1518 2721 1580 2744 ore

66 2771 237 2801 truncato
263 2768 362 2802 nudo
390 2772 455 2802 aut
479 2769 654 2803 ciliolato.
705 2768 892 2803 Involucri
918 2768 1006 2803 folia
1031 2769 1118 2811 duo,
1144 2769 1275 2811 libera,
1301 2768 1461 2803 caulinis
1486 2769 1576 2801 sub-

64 2824 286 2867 consormia,
321 2827 546 2872 quandoque
573 2828 690 2871 magis
717 2828 946 2862 denticulata
972 2832 1009 2862 et
1037 2828 1215 2863 acutiora.
1276 2827 1420 2861 Pistilla
1444 2837 1578 2870 pauca.

65 2885 230 2929 Capsula
261 2886 402 2926 uvalis,
438 2887 564 2928 firma,
597 2888 644 2922 ad
673 2887 781 2921 basin
809 2897 924 2931 usque
950 2887 1214 2931 quadrivalvis.
1269 2887 1435 2920 Elateres
1461 2885 1579 2919 valvis

65 2943 195 2978 mediis
221 2943 361 2987 inserti,
391 2945 501 2988 longi,
531 2946 670 2990 bispiri.
722 2946 848 2980 Flores
875 2946 1029 2980 masculi
1055 2946 1093 2980 in
1120 2946 1250 2980 eadem
1284 2946 1340 2979 vel
1367 2944 1404 2978 in
1432 2944 1577 2980 diversa
