1824 3252
735 165 976 208 Lopliocolca.
1554 165 1616 193 169

449 281 506 311 37.
558 279 885 321 Lophocolea
909 278 1087 322 grisea]
1119 276 1263 318 'I'aylmn

200 339 243 372 L.
280 337 375 371 caule
403 337 642 382 procumbente
668 337 815 382 implexo
840 347 992 376 ramoso,
1014 334 1118 380 foliis
1139 332 1339 379 putentibus
1365 332 1615 377 adproximucis

103 397 268 441 supremis
301 397 466 440 corzycstis
491 395 810 429 evuli-rotundatis
836 394 1070 439 iuteyerrimis
1096 391 1312 437 maryinibus
1337 391 1507 431 recurvis,
1542 403 1613 423 am-

99 455 303 499 pltiyastriis
353 454 531 500 bipartitis
576 455 757 498 seqmentis
793 454 873 487 binc
914 453 1145 492 madentem-is,
1192 450 1392 497 periantliio
1440 450 1616 483 terminali

104 512 476 558 tt·iunyulari-oblonyo
502 525 684 558 compresso
709 525 767 546 ore
792 513 941 546 dentato.

293 574 558 613 Juugermannia
586 574 694 614 grisea
733 571 862 617 Taylor
896 572 933 605 in
969 570 1081 603 Lond.
1108 568 1233 602 Journ.
1268 567 1311 611 of
1331 566 1463 611 botany.
1514 568 1614 600 1844.

375 641 410 674 p.
437 632 518 663 379.
546 641 581 663 n.
609 632 667 662 25.

202 687 359 721 Habitat
387 688 422 720 in
448 687 583 720 Insulis
612 687 820 728 Auckland,
849 687 946 720 unde
976 685 1098 720 attulit
1127 685 1192 718 Dr.
1221 684 1373 718 Hooker
1393 684 1474 726 Jun.

200 746 344 779 Crescit
370 746 406 779 in
433 745 663 788 caespitibus
690 744 1011 787 griseo-olivaceis
1030 743 1216 777 tenuibus.
1271 742 1392 776 Caules
1423 744 1506 775 1-2
1533 741 1612 784 pol-

104 804 234 838 noan-es
253 804 403 838 ramulis
421 804 748 838 adscendentibus.
776 802 881 836 Folia
901 813 1071 837 convexa
1094 807 1240 845 propter
1260 800 1464 843 marginum
1487 809 1613 834 recur-

106 863 302 902 vationem,
330 861 504 895 inferiora
531 862 702 901 disticha,
731 861 922 904 superiora
949 861 1126 904 adpressa
1152 865 1187 894 et
1213 860 1388 900 secunda,
1414 858 1616 902 capitulum

104 931 353 963 compressum
389 920 598 954 formantia.
651 920 861 953 Periantltia
901 923 910 953 Ι
942 920 1005 953 lin.
1034 920 1161 961 longa,
1200 918 1438 961 triangularia
1472 917 1616 960 angulis

106 978 321 1012 incrassatis
366 978 587 1022 opacisque,
631 990 693 1012 ore
728 978 963 1021 triangulari,
1005 978 1166 1011 dentato.
1224 976 1326 1010 Folia
1354 974 1618 1021 periclaaelialia

104 1041 239 1077 erecta,
267 1037 398 1071 latiora
419 1043 529 1081 atque
552 1037 717 1081 longiora
738 1048 848 1081 quani
870 1037 1031 1077 caulina,
1047 1035 1296 1078 integerrima,
1315 1035 1418 1078 apice
1440 1034 1616 1072 rotunda;

106 1096 391 1141 amplciyastrium
419 1096 646 1130 involucrale
674 1097 889 1140 oblongum,
916 1096 1067 1130 bifidum
1094 1094 1256 1129 incisura
1281 1104 1417 1137 parva,
1454 1091 1617 1135 margine

105 1155 295 1189 reflexum.

202 1212 360 1256 Propius
399 1213 542 1247 accedit
577 1213 667 1247 haec
703 1213 748 1246 ad
778 1212 1024 1258 Loplzocolecrm
1051 1213 1296 1253 discedentem,
1336 1223 1356 1245 a
1390 1222 1463 1256 qua
1497 1211 1617 1246 differt

104 1276 246 1305 statura
265 1272 405 1305 maiore
425 1277 462 1306 et
479 1272 600 1306 colore
621 1271 827 1315 pallidiore,
847 1271 944 1306 foliis
964 1271 1328 1315 erecto-patentibus
1349 1269 1433 1313 (uec
1451 1270 1613 1313 patenti-

103 1330 283 1374 recurvis)
311 1335 346 1364 et
373 1330 524 1374 integris
551 1330 900 1375 amphigastriisque
927 1330 964 1364 in
991 1331 1105 1364 latere
1133 1329 1372 1364 unidentatis.

355 1427 413 1458 38.
442 1427 454 1457 Τ
502 1425 830 1468 Lophocolea
855 1424 1141 1460 amen-nimum
1169 1424 1214 1458 N.
1244 1425 1290 1458 ab
1319 1425 1360 1457 E.

200 1483 243 1516 L.
271 1483 365 1517 caule
386 1483 629 1528 procumbente
653 1483 1063 1517 subdiclzotomo—ramoso
1089 1484 1189 1524 nudo,
1206 1482 1312 1526 foliis
1334 1483 1615 1517 subverticalibus

102 1541 363 1575 sulum-hiemans
397 1542 631 1586 inteyerrimis
664 1543 821 1586 maryine
854 1543 1025 1582 recurvis,
1066 1542 1290 1586 inferioribus
1324 1543 1511 1576 minoribus
1542 1555 1614 1576 ηια-

100 1600 219 1644 yisque
245 1600 464 1645 putentibus,
499 1600 733 1645 superioribus
758 1601 922 1645 confertis
947 1600 1137 1634 imbricatis
1160 1601 1450 1639 adscendentibus,
1475 1602 1610 1647 amphi-

100 1657 243 1699 yctstriis
263 1658 357 1702 folio
389 1659 492 1703 duplo
525 1658 713 1692 minoribus
744 1659 943 1704 patentibus
975 1659 1085 1693 ovatis
1117 1659 1351 1703 inteqerrimrk
1378 1661 1473 1705 apice
1498 1673 1612 1694 emar-

99 1716 426 1759 9inoto-bidentatis
451 1717 608 1752 dentibus
633 1717 883 1758 obtusiusculis,
900 1717 1029 1763 fructu
1057 1744 1064 1751 .
1094 1743 1102 1750 .
1131 1744 1138 1751 .

199 1775 241 1808 In
269 1775 432 1820 caespite
461 1775 738 1821 Echinopoyonis
766 1776 951 1810 Gunniani
977 1781 1013 1810 et
1042 1775 1225 1810 Trz'cleodii
1248 1777 1410 1810 intricati
1438 1779 1484 1811 N.
1508 1779 1553 1811 ab
1574 1779 1615 1812 E.

104 1834 191 1877 legit
220 1835 332 1868 Gunn
360 1835 396 1868 in
423 1834 599 1873 collibus,
637 1834 846 1878 Hampston
876 1834 973 1868 Hills
1001 1834 1130 1875 dictis,
1170 1834 1320 1868 Insulae
1346 1835 1431 1869 Van
1461 1836 1615 1871 Diemen

104 1891 211 1925 Febr.
241 1894 342 1927 1838.
369 1892 420 1934 (n.
453 1894 571 1934 1011).

203 1950 356 1984 Accedit
379 1950 477 1995 quod
506 1950 551 1984 ad
579 1950 744 1984 habitum
770 1951 1002 1997 Lopliocoleae
1021 1952 1135 1985 Novae
1158 1951 1377 1993 Zeelandiae,
1406 1951 1470 1984 scd
1498 1952 1617 1986 differt

102 2010 293 2044 evidenter
320 2010 417 2044 notis
445 2009 590 2043 adlatis
649 2010 715 2043 Est
748 2011 914 2054 plantula
952 2014 1063 2050 l—l’2-
1091 2011 1176 2054 poll.
1206 2011 1336 2052 longa,
1370 2011 1475 2044 caule
1510 2022 1612 2045 cras-

103 2070 278 2110 siusculo,
306 2069 423 2103 fusco.
474 2068 579 2103 Folia
605 2069 742 2110 mollia,
769 2071 962 2113 superiora
987 2069 1195 2110 imbricata,
1223 2069 1490 2103 adscendentia
1515 2081 1612 2104 mar-

101 2127 324 2171 ginibusque
360 2137 526 2162 recurva.
599 2128 868 2173 Amplziyastrz'a
905 2128 1096 2172 superiora
1135 2127 1247 2161 etiam
1281 2127 1446 2163 incurva.
1506 2130 1615 2164 Color

101 2189 139 2230 (e
167 2187 289 2230 siccis)
317 2186 463 2220 sordide
490 2186 753 2222 fusco-virens.
807 2187 913 2222 Retis
940 2187 1108 2221 maculae
1137 2197 1286 2229 parvae,
1318 2187 1492 2222 limitibus
1519 2189 1610 2223 vali-

102 2245 171 2286 dis,
199 2243 483 2279 intercalaribus
509 2245 631 2280 nullis,

641 2338 659 2357 *
676 2339 694 2357 ³*
712 2339 729 2357 ⁴⁵
781 2338 894 2372 Foliis
920 2338 1080 2372 dentatis.

391 2409 449 2441 39.
501 2408 828 2451 Lophocolea
851 2409 1119 2443 mur-icam
1146 2408 1192 2442 N.
1221 2408 1267 2441 ab
1297 2408 1336 2441 Ε.

198 2465 242 2497 L.
270 2464 365 2498 caule
384 2466 627 2510 procumbente
652 2479 785 2501 rumoso
809 2466 975 2513 (parvo),
990 2466 1098 2512 foliis
1121 2466 1369 2512 adproaeimatis
1393 2465 1613 2500 sublwrizon-

105 2522 230 2557 talibus
254 2523 583 2569 amplziyastriisque
611 2524 725 2559 liberis
749 2526 1105 2571 ovato-subquadralis
1132 2532 1227 2559 acme
1254 2525 1611 2569 emaryinato-birlen-

103 2581 187 2614 tatis
211 2580 547 2625 spinuloso-eiliatis
570 2596 674 2629 supra
700 2585 897 2624 muricatis,
920 2585 1050 2629 fructu
1077 2584 1270 2625 terminali,
1293 2585 1493 2629 periuntlaeio
1519 2591 1614 2617 orato

99 2638 226 2682 plicato
251 2651 309 2673 ore
333 2639 537 2687 5-6-fid0.

296 2699 411 2733 Lehm.
448 2701 484 2734 in
512 2701 669 2735 Limzaea
706 2702 776 2735 IV.
799 2714 835 2747 p.
863 2705 946 2737 363.
999 2704 1043 2736 L.
1071 2712 1100 2737 et
1130 2705 1196 2747 Ly.
1236 2704 1269 2736 in
1297 2703 1416 2736 Lehm.
1446 2702 1537 2745 I’uy.
1563 2701 1613 2745 pl.

380 2758 452 2792 llI.
482 2771 519 2804 p.
546 2764 603 2795 50.
657 2760 817 2794 Gottsclze
847 2761 895 2794 Ic.
928 2762 1016 2807 Hep.
1050 2763 1139 2796 ined.

200 2815 341 2850 Crescit
375 2817 413 2850 in
449 2818 625 2853 lateribus
658 2830 833 2855 saxorum
870 2820 906 2853 in
941 2821 1077 2855 verlice
1113 2820 1246 2855 montis
1273 2818 1465 2859 Tafelbcrg
1491 2817 1612 2851 Proui.

115 2875 242 2909 Bonae
271 2874 358 2918 Spei
386 2875 543 2918 (Ecklon
570 2878 607 2912 in
637 2878 710 2913 Hb.
740 2879 778 2913 L.
808 2884 840 2911 ct
868 2879 965 2922 Lg.).
