1824 3252
161 213 233 247 380
828 205 1019 250 Lejeunia.

352 323 620 364 Jnngermannia
654 323 736 353 flava
772 319 821 354 N.
847 319 889 353 ab
915 319 962 354 Ε.
988 320 1026 353 in
1052 319 1168 354 [Πανί.
1194 319 1256 355 Fl.
1285 320 1393 355 Bras.
1420 321 1451 355 Ῑ.
1477 324 1512 355 2.
1534 333 1572 368 p.
1599 324 1681 356 360.

438 393 473 414 η.
498 383 558 414 44.
585 378 691 423 (ελ-οἶ.
714 380 827 425 sym).

257 439 417 475 Habitat
451 439 489 473 in
528 438 712 479 Brasilia,
757 450 791 473 v.
818 449 851 472 c.
879 437 916 472 in
951 441 1083 472 trunco
1116 436 1428 485 Cremidostachyos
1458 439 1683 475 Provinciae

161 500 218 534 St.
246 499 356 534 Pauli
385 498 512 542 (Mart.
542 498 618 531 Hb.
647 497 724 542 N.).
1280 546 1297 551 ,

257 558 380 601 Stirps
406 567 542 601 parva,
577 555 886 600 semipollicaris‚
920 555 1055 590 coloris
1084 554 1207 591 luridi.
1266 553 1405 600 Spicae
1431 557 1619 591 masculae
1645 556 1682 591 in

158 618 290 654 eodem
308 616 507 651 individuo
525 620 672 650 ovatae.
716 614 935 650 Perianthia
951 625 1162 657 numerosa⁷
1179 625 1449 660 nonnunquam
1468 620 1684 659 aggregata.

159 679 297 713 Differt
323 688 345 711 a
372 678 417 712 L.
443 678 627 711 virescente
652 675 794 718 colore,
823 674 920 709 foliis
946 674 1070 708 minus
1097 675 1271 720 obliquis,
1298 673 1576 720 amphigastriis
1604 673 1683 708 basi

158 737 380 781 angustatis,
396 735 608 781 periantliio
625 736 796 769 immerso
817 734 925 769 laevi.
963 735 1109 777 Colore,
1126 734 1402 779 amphigastriis
1420 739 1457 769 et
1475 734 1684 779 perianthio

157 797 270 831 etiam
297 795 564 840 distinguenda
589 806 612 829 a
641 795 847 840 Lcj.fla2·a.

444 891 523 924 176.
576 887 837 934 Dejennia
862 890 1194 924 commutata
1220 888 1413 922 Gottsche.

252 961 297 995 L.
322 960 418 995 caule
443 967 576 1006 repente
600 960 797 994 inordinate
823 958 992 1005 pinnato,
1018 959 1125 1005 foliis
1156 958 1349 994 imbricatis
1380 958 1685 994 semiverticalibus

154 1019 376 1054 subrotumlis
418 1019 618 1066 subdcflesris
655 1019 884 1064 inteyerrimis
919 1019 991 1052 basi
1014 1016 1288 1053 subdecurrente
1324 1019 1534 1066 complicatis
1574 1019 1684 1054 lobulo

155 1079 278 1125 iuflato
302 1079 754 1124 emar-qimam·weidentato
789 1085 986 1112 tfrmzcatove
1021 1079 1058 1112 in
1079 1078 1171 1123 folii
1195 1080 1387 1123 mar-qinein
1411 1078 1683 1121 subtranseuntc,

154 1140 415 1185 ampliiyastriis
439 1139 649 1174 distantibus
672 1138 825 1172 ocalibus
844 1138 979 1184 patulis
1003 1140 1049 1172 ml
1072 1138 1222 1172 medium
1247 1145 1389 1183 anyuste
1414 1137 1530 1183 bifidis
1548 1138 1685 1173 laciniis

153 1201 287 1241 acutis,
311 1200 442 1245 fi·zcctu
468 1199 607 1233 laterali
630 1198 759 1239 sessili,
783 1197 890 1242 foliis
915 1196 1185 1231 involumwlibus
1209 1197 1458 1243 cmfformibus,
1486 1198 1684 1243 periantlzio

156 1260 223 1294 late
248 1259 386 1294 obovato
405 1266 596 1304 pentagsono
622 1257 836 1292 involucrum
857 1256 965 1302 paulo
989 1265 1182 1303 superante.

346 1320 616 1360 Jungermannia
645 1319 833 1362 tlijmisolia
869 1319 891 1356 β
938 1317 986 1350 Ν.
1013 1316 1055 1350 ab
1083 1317 1130 1352 E.
1157 1319 1193 1351 in
1223 1316 1336 1351 Mart.
1363 1315 1425 1352 Fl.
1452 1316 1560 1352 Bras.
1589 1318 1620 1353 I.
1646 1321 1683 1353 2.

428 1389 467 1423 p.
494 1380 576 1411 359.

249 1436 308 1470 Ad
337 1436 376 1470 S.
403 1436 501 1471 Joa6
530 1435 704 1480 Baptista
734 1435 919 1470 Brasiliae
947 1435 1039 1480 (Hb.
1065 1435 1113 1470 N.
1141 1447 1176 1469 n.
1202 1437 1267 1479 2.).

475 1532 554 1564 177.
604 1528 866 1574 Lcjeunia
892 1529 1152 1572 adm-essa
1180 1528 1227 1563 N.
1255 1527 1302 1562 ab
1331 1528 1372 1562 Ε.

251 1600 294 1634 L.
320 1600 416 1634 caule
440 1613 575 1635 ‘ramoso
607 1601 786 1646 adpresso,
809 1600 916 1646 foliis
941 1600 1138 1646 adplanatis
1162 1598 1528 1634 subscmiverticalibus
1551 1598 1684 1645 oblique

150 1661 263 1694 ovatis
287 1659 414 1694 obtusis
439 1660 673 1705 incesset-rimis
699 1660 811 1706 ample
835 1659 1033 1703 reticulatis
1060 1659 1133 1699 basi
1155 1659 1274 1693 subtus
1308 1658 1539 1705 complicatis,
1574 1657 1685 1692 Iobulo

154 1717 250 1752 brevi
269 1717 378 1764 plano
411 1725 592 1762 truncato,
627 1720 891 1766 ampliiyastriis
918 1719 1126 1754 distantibus
1156 1718 1276 1765 parvis
1310 1718 1484 1754 subm-atis
1512 1718 1686 1765 profunde

154 1777 269 1823 bifidis
294 1778 434 1814 laciniis
457 1781 576 1814 erectis
602 1779 801 1815 lanceolatis
825 1779 1062 1821 acutia-scidis,
1077 1779 1210 1824 fi·2tctu
1238 1805 1247 1814 .
1276 1804 1284 1813 .
1312 1805 1320 1813 .

251 1848 295 1882 In
325 1849 406 1883 Pas)
436 1851 591 1885 Pereira
619 1851 818 1886 Brasiliae.
873 1851 989 1885 Dedit
1016 1851 1072 1886 Cl.
1102 1850 1254 1885 Fischer
1279 1850 1375 1894 (Hb.
1406 1850 1483 1895 N.).

249 1909 378 1943 Affinis
414 1910 601 1955 Lejeuniae
644 1910 751 1944 laetae
791 1921 889 1954 quae
927 1910 1051 1944 differt
1087 1909 1214 1944 lobulo
1253 1910 1356 1944 nullo
1395 1912 1460 1943 aut
1501 1908 1683 1950 obscuro;

156 1967 202 2001 L.
236 1969 385 2002 adnatae
423 1979 519 2012 quae
558 1969 682 2003 differt
723 1969 849 2003 lobulo
889 1969 1016 2002 inflato
1055 1973 1091 2002 et
1125 1972 1276 2002 textura
1312 1968 1389 2003 folii
1423 1966 1553 2009 densa;
1604 1967 1682 2014 Lej.

151 2026 357 2067 discoideae‚
384 2038 482 2071 quae
508 2027 632 2062 differt
659 2028 755 2062 foliis
782 2027 1001 2062 orbiculatis
1028 2031 1253 2072 texturaque
1279 2028 1421 2070 densa;
1447 2027 1524 2074 Lej.
1551 2027 1684 2074 thymi-

142 2086 272 2132 fvliue,
299 2086 358 2120 cui
386 2086 472 2120 folia
500 2093 588 2121 sunt
607 2088 766 2122 obovata
796 2088 921 2122 lobulo
944 2088 1165 2129 rotundat03
1190 2087 1267 2133 Lej.
1283 2088 1403 2134 flavae
1428 2090 1466 2120 et
1489 2078 1682 2130 virescenti,

154 2145 290 2190 quibus
319 2146 405 2180 folia
432 2146 639 2180 orbiculata
666 2151 704 2181 et
730 2146 998 2191 amphigastria
1024 2147 1177 2182 maiora.

250 2206 429 2239 Fructum
455 2216 527 2240 non
555 2205 644 2240 vidi.
697 2206 884 2241 Foliorum
912 2206 1069 2240 cellulae
1097 2206 1257 2250 amplae,
1284 2207 1530 2251 hexagonae,
1557 2208 1678 2252 pellu-

153 2263 282 2305 cidae,
317 2265 475 2299 maculis
509 2265 798 2301 intercalaribus
836 2265 1032 2300 distinctis.
1086 2265 1199 2300 Color
1231 2266 1370 2310 pallide
1397 2266 1561 2302 virens..
1587 2267 1681 2302 Tota

152 2324 323 2368 plantula
349 2328 438 2359 2-6
463 2325 528 2360 lin.
556 2326 688 2369 longa,
715 2326 801 2359 hinc
825 2325 912 2359 inde
939 2336 1041 2361 ramo
1068 2326 1170 2361 brevi
1199 2326 1391 2370 praedita,
1423 2325 1551 2361 cortici
1580 2332 1681 2361 arcte

152 2386 346 2431 adpressa.

490 2468 571 2500 178.
622 2466 884 2511 Lejenmia
910 2468 1060 2503 laeta
1086 2468 1127 2502 L.
1155 2472 1192 2501 et
1217 2468 1335 2513 Ldbg.

249 2537 295 2571 L.
330 2537 425 2571 caule
459 2543 593 2582 repente
628 2548 710 2580 voye
744 2548 890 2577 ramoso,
920 2537 1027 2583 foliis
1059 2539 1311 2585 adproximatis
1345 2537 1678 2575 subltorizontalibus

151 2596 444 2642 ovato-ellipticis
475 2595 604 2629 obtusis
627 2602 659 2629 et
685 2596 905 2630 acutiusculis
923 2596 1043 2643 planis
1069 2598 1298 2642 iuteyerrimis
1323 2597 1396 2632 basi
1418 2611 1484 2632 uon
1509 2598 1562 2633 vel
1585 2599 1677 2634 obso-

152 2654 213 2688 lcte
231 2654 329 2700 plica
345 2656 588 2700 auyustissima
614 2654 837 2700 complicatis,
863 2655 1128 2701 amplciyastriis
1148 2657 1289 2690 remotis
1305 2656 1548 2692 minutissimis
1567 2661 1678 2694 ocatis

144 2714 319 2759 profunde
336 2713 452 2759 bifidis
468 2713 606 2748 laciniis
620 2713 748 2748 obtusis
764 2714 816 2748 vel
831 2716 1063 2757 acutiusculis,
1083 2717 1292 2762 periantlziis
1317 2718 1354 2751 in
1380 2716 1528 2751 ramulis
1552 2716 1676 2752 brevis-

149 2774 247 2807 simis
272 2773 472 2808 lateralibus
495 2773 647 2807 obovatis
667 2774 884 2818 pentagonis,
906 2774 1045 2819 auyulis
1060 2776 1268 2821 compressis,
1284 2775 1390 2821 foliis
1409 2776 1677 2812 involucralibus

149 2833 392 2878 conformibus.
444 2832 605 2868 Gottsclte
630 2832 726 2867 Icon.
756 2833 902 2879 Lejeun.
931 2834 961 2869 1.
988 2837 1023 2869 4.

342 2895 613 2935 Juugermaunia
639 2894 724 2925 laeta
755 2892 800 2927 L.
815 2899 847 2926 ct
860 2892 925 2937 Ly.
952 2893 990 2927 in
1010 2893 1128 2930 Lelmi.
1155 2906 1230 2930 που.
1256 2902 1289 2931 et
1315 2897 1427 2932 minus
1453 2908 1548 2942 coqu.
1572 2897 1672 2943 stirp.

430 2951 524 2996 Puy.
555 2950 622 2986 Vl.
653 2954 757 2987 1834.
778 2964 817 2998 p.
844 2954 903 2987 45.
931 2963 966 2986 u.
991 2955 1051 2988 20.
