1824 3252
139 204 211 236 59ss
709 201 919 245 Oxymitra.
971 202 1114 237 Riccia.

337 318 519 360 Ori->mitra
546 317 729 359 polycarpa
758 315 880 350 Bisch.
907 317 944 350 in
972 316 1139 351 Linclenb.
1167 318 1257 364 Hep.
1288 319 1380 353 Eur.

334 377 447 408 lticcia
474 377 657 406 incrassata
686 374 794 409 Brot.
822 374 885 410 FI.
908 376 993 410 Lus.
1016 376 1070 411 II.
1088 380 1222 423 11:428.
1274 379 1368 413 Web.
1388 379 1574 426 Proa'r.1›.
1597 384 1675 415 147.

423 447 458 468 η.
486 437 521 468 8.
573 434 744 469 Lindenb.
764 435 867 469 Βίου.
898 435 920 469 l.
952 449 981 470 c.
1003 449 1042 482 p.
1065 439 1151 471 500.
1178 450 1213 472 n.
1231 440 1265 472 2.
1293 436 1412 481 (inter
1430 452 1513 485 spec.
1533 440 1639 486 dub.)
1665 444 1677 473 ζ)

243 505 401 539 Habitat
428 516 505 539 var.
531 518 553 538 a
581 509 618 539 et
644 505 665 544 β
692 505 729 540 in
758 507 883 541 Gallia
908 508 1062 542 australi
1093 508 1158 551 (de
1174 509 1326 555 canet),
1355 509 1466 544 Italia
1492 511 1677 554 (Micheli‚

143 564 311 607 stauai),
345 564 523 599 Sardinia
558 565 731 609 (Miffler,
760 566 891 608 Moris,
920 568 966 603 de
985 567 1176 612 Notaris),
1213 569 1378 613 Corcyra
1405 569 1542 605 insula.
1593 572 1614 610 β
1640 571 1677 605 in

141 624 338 658 Lusitania
364 623 511 668 (Link).

239 685 381 720 Omnes
409 684 549 719 sormac
576 685 622 719 ad
652 690 786 720 terram
818 686 958 720 nudam
994 686 1085 721 locis
1121 687 1237 722 aridis
1263 694 1447 724 crescunt.
1498 689 1595 732 (Hb.
1625 691 1679 730 L.‚

141 741 206 783 LK·
233 747 270 775 et
299 743 365 786 N.)

513 845 543 886 ᾗ.
571 846 605 877 3.
660 843 863 877 Euriccieae
900 845 1000 888 Bory
1028 850 1066 879 et
1093 845 1311 889 Montagne.

239 902 492 938 Fructiticatio
519 904 692 938 monoiea
720 915 809 944 raro,
830 904 965 938 dioica.
1018 905 1187 939 Frondes
1221 905 1453 950 centrifugae
1481 908 1682 954 pleraeque

142 967 301 997 ros-atae.
352 963 514 998 Fructus
532 963 653 999 frondi
673 964 849 999 immersi.
902 965 1142 999 Involucrum
1166 966 1280 1009 igitur
1296 967 1450 1002 nullum.
1503 968 1682 1014 Calyptra

141 1033 224 1056 cum
254 1022 373 1057 fructu
402 1028 566 1058 connata
595 1025 692 1069 stylo
718 1025 875 1059 caduco.
930 1024 1084 1059 Semina
1110 1026 1283 1070 primitus
1307 1031 1504 1072 quaterna,
1532 1028 1681 1063 demum

143 1082 273 1122 libera,
302 1083 503 1125 tetra'edra,
532 1085 734 1119 alveolata.

240 1142 340 1190 Bor-y
366 1150 396 1177 et
424 1144 615 1190 Jlontayne
643 1146 680 1178 in
709 1144 804 1177 Ami.
832 1145 888 1178 des
913 1157 957 1179 se.
986 1152 1061 1179 nat.
1098 1148 1133 1179 3.
1163 1145 1275 1181 Sbrie.
1311 1147 1341 1180 I.
1376 1151 1476 1183 1844.
1512 1163 1548 1195 p.
1575 1154 1657 1186 235.

510 1237 730 1278 LXXII.
763 1236 863 1290 (v.)
923 1236 1152 1284 Riecia
1184 1238 1322 1280 Mich.

144 1317 228 1352 Noe.
253 1331 329 1362 yon.
352 1332 389 1365 p.
422 1323 501 1354 107.
556 1318 729 1353 Lindenb.
759 1319 922 1364 Illonoyr.
953 1319 1055 1354 Πίου.
1091 1320 1128 1353 in
1156 1320 1243 1354 Νου.
1271 1321 1357 1356 Aet.
1387 1321 1453 1356 Ae.
1483 1322 1568 1356 ,Nut-
1599 1324 1683 1358 Cur.

143 1376 300 1411 XVIII.
335 1381 363 1413 l.
385 1392 424 1424 p.
452 1382 535 1413 413.
594 1378 762 1425 Biseltqff’
792 1377 874 1413 ibId.
905 1379 1042 1414 XVII.
1077 1383 1112 1413 2.
1142 1393 1181 1426 p.
1215 1383 1318 1415 10:37.
1345 1394 1379 1415 n.
1406 1385 1440 1416 4.
1494 1382 1542 1416 N.
1569 1382 1611 1416 ab
1637 1383 1683 1416 E.

144 1437 237 1483 IIep.
260 1438 352 1472 Eur.
383 1438 452 1472 IV.
478 1452 514 1484 p.
538 1439 692 1479 LXIX,
720 1442 792 1473 359
818 1445 849 1473 et
877 1442 958 1473 385.
987 1445 1019 1472 et
1047 1440 1082 1473 in
1099 1440 1220 1474 Limll.
1238 1440 1375 1474 Introrl.
1400 1442 1451 1474 ed.
1478 1444 1513 1477 2.
1534 1454 1573 1488 p.
1601 1446 1683 1476 414.

144 1497 339 1532 Endlicloer
375 1498 464 1533 Gen.
494 1511 534 1545 p.
571 1503 616 1533 43
654 1506 686 1533 cc
728 1501 831 1533 1337.
868 1511 903 1533 η.
937 1501 1022 1532 454.
1089 1498 1222 1533 Riccia
1256 1506 1289 1534 et
1328 1499 1509 1535 Ricciella
1542 1501 1684 1536 Braun-

147 1557 300 1599 Riccia‚
338 1557 610 1602 Ricciocarpus
647 1567 675 1594 et
716 1558 899 1593 Ricciella
936 1558 1060 1593 Corda.
1113 1559 1255 1593 Lemna
1286 1559 1511 1606 Rffnesque.
1554 1562 1680 1596 Salvi-

145 1616 259 1651 niella
287 1617 429 1652 Hiiben.

242 1689 404 1724 Fructus
441 1690 562 1725 frondi
601 1690 784 1732 immersi,
822 1702 889 1725 nec
928 1691 996 1725 nisi
1026 1697 1134 1736 rupta
1161 1692 1356 1736 superficie
1383 1692 1593 1737 (superiori
1623 1691 1679 1725 in-

146 1750 342 1795 feriorive)
393 1751 574 1785 denudati
624 1761 745 1796 neque
782 1755 1037 1795 emergentes,
1091 1751 1253 1785 sessiles.
1318 1752 1520 1786 Involucra
1569 1751 1683 1786 nulla.

148 1810 406 1845 l'eriantlrium
443 1812 598 1846 nullum.
663 1812 841 1856 Calyptra
879 1823 962 1846 cum
996 1812 1152 1856 capsula
1187 1811 1289 1846 tenui
1325 1812 1550 1852 cohaerens,
1588 1811 1684 1854 stylo

146 1871 208 1904 diu
244 1873 467 1915 persistente
507 1877 618 1906 acuto
654 1872 864 1916 prominulo
899 1876 1093 1907 coronata.
1146 1871 1312 1916 Capsula
1347 1871 1443 1905 intra
1479 1871 1685 1914 calyptraru

147 1931 310 1971 sessilis,
338 1932 514 1975 globosa,
548 1931 802 1974 irregulariter
829 1943 1017 1976 rumpens.
1070 1931 1240 1965 Elateres
1268 1931 1370 1966 nulli.
1422 1930 1613 1965 Antlierae
1639 1931 1685 1974 (ἲ)

148 1990 206 2023 vel
235 1990 271 2023 in
300 1990 430 2024 eadem
458 1991 516 2024 vel
543 1990 582 2024 in
608 1990 757 2023 diversa
785 1991 900 2034 stirpe
927 1990 1048 2025 frondi
1078 1990 1298 2032 immersae,
1331 1991 1474 2026 ostiolis
1500 1990 1685 2024 subulatis

149 2049 283 2084 erectis
309 2050 347 2084 in
376 2050 488 2084 dorso
515 2049 657 2084 frondis
684 2049 916 2093 prominulis.

246 2121 448 2166 Vegetatio
485 2121 685 2163 frondosa,
726 2132 858 2166 repens
895 2126 1098 2162 natansve,
1139 2120 1211 2155 illis
1247 2120 1419 2164 primitus
1455 2120 1627 2155 radiatim
1666 2134 1684 2155 e

150 2185 279 2216 centro
305 2182 440 2224 divisa,
468 2182 524 2216 his
552 2186 676 2216 autem
705 2181 948 2226 utplurimum
975 2181 1172 2222 dissoluta,
1199 2180 1345 2215 laciniis
1373 2180 1494 2214 bifidis
1512 2180 1682 2214 dichoto-

149 2240 279 2283 misve,
307 2241 344 2276 in
371 2242 483 2277 dorso
508 2242 631 2286 planis
658 2242 848 2286 depressis
875 2246 940 2275 aut
966 2241 1246 2284 canaliculatis,
1287 2240 1324 2275 in
1351 2247 1480 2275 ventre
1505 2241 1687 2275 convexis

150 2300 261 2335 nudis
304 2302 583 2347 squamatisve,
620 2301 851 2346 epidermide
896 2301 1072 2335 distincta
1112 2311 1292 2345 eporosa,
1332 2304 1448 2335 strato
1482 2300 1686 2334 cavitatum

151 2360 346 2395 aerearum
374 2362 411 2395 in
440 2362 523 2396 aliis
550 2362 662 2396 obvio
690 2361 773 2395 aliis
799 2361 1010 2396 deficiente.

249 2434 425 2478 Species,
474 2433 612 2468 relictis
651 2436 675 2467 5
713 2433 772 2467 vel
811 2432 937 2467 dubiis
980 2434 1035 2468 vel
1078 2444 1100 2467 a
1137 2443 1272 2477 genere
1307 2431 1459 2472 alienis,
1501 2436 1590 2466 sunt
1627 2435 1685 2466 37.

152 2494 340 2527 Crescunt
385 2498 510 2528 autem
554 2494 591 2528 in
627 2494 801 2538 Europa,
849 2493 1070 2536 praesertim
1106 2492 1342 2527 meridionali
1373 2495 1442 2533 21;
1484 2492 1521 2526 in
1560 2491 1687 2526 Africa

151 2553 330 2588 calidiore
357 2557 399 2595 9,
432 2554 498 2588 sed
525 2557 548 2589 5
573 2557 719 2588 tantum
747 2552 803 2588 his
831 2552 938 2587 terris
973 2557 1062 2588 sunt
1096 2552 1290 2598 propriae3
1327 2551 1364 2585 in
1391 2550 1483 2585 Asia
1509 2550 1688 2586 calidiore

151 2617 189 2646 et
215 2611 360 2656 tropica
386 2616 421 2653 6,
450 2624 496 2647 ex
525 2613 662 2658 quibus
688 2616 710 2647 3
736 2612 931 2657 propriae;
958 2612 996 2647 in
1020 2613 1196 2648 America
1221 2611 1503 2657 septentrionali
1528 2615 1561 2655 8,
1588 2623 1683 2658 qua-

153 2683 234 2705 rum
259 2675 282 2706 4
309 2677 396 2707 sunt
421 2673 616 2718 propriae;
651 2672 688 2706 in
715 2672 890 2706 Ameriea
917 2672 1061 2717 tropica
1087 2676 1123 2716 6,
1157 2683 1315 2718 quarum
1341 2674 1365 2707 4
1388 2671 1562 2716 propriae.
1588 2677 1687 2707 sunt.

158 2730 267 2766 Nova
292 2732 499 2766 Hollandia
526 2733 668 2767 nullam
695 2732 888 2777 hucusque
915 2733 1079 2767 ostendit
1105 2733 1268 2778 speciem
1294 2732 1405 2766 huius
1431 2731 1589 2775 generis.
1628 2732 1687 2766 Ex

153 2791 352 2834 speciebus
381 2791 588 2836 Europaeis
626 2791 675 2825 R.
707 2791 858 2836 ylauea,
899 2791 1057 2837 btfurca,
1096 2798 1224 2826 natans
1260 2795 1297 2826 et
1311 2792 1467 2838 fluitans
1502 2791 1616 2826 etiam
1649 2791 1686 2826 in

154 2850 328 2885 America
372 2851 659 2895 septentrionali
698 2855 892 2891 creseunt,
941 2851 1034 2886 haec
1066 2851 1248 2896 posterior
1284 2856 1408 2885 autem
1443 2855 1480 2886 et
1513 2851 1552 2885 in
1588 2852 1684 2885 Bra-

155 2910 262 2952 silia,
298 2911 336 2944 in
363 2911 460 2945 Java
488 2916 523 2945 et
550 2911 586 2945 in
616 2910 826 2945 Peninsula
853 2910 988 2945 Indiae
1014 2910 1205 2946 orientalis
1230 2911 1384 2946 inventa
1408 2914 1485 2952 est;
1529 2909 1579 2944 R.
1605 2922 1685 2956 cry-

155 2968 296 3003 stallina
322 2969 360 3003 in
390 2970 560 3015 Europa,
596 2969 632 3005 in
661 2969 753 3007 Asia
780 2969 922 3005 boreali
939 2970 1187 3006 -occidentali
1216 2976 1252 3006 et
1278 2971 1314 3006 in
1344 2970 1507 3005 Brasilia
1534 2969 1687 3009 crescit3
