1824 3252
776 177 964 222 Lejeunia.
1551 179 1623 210 315

207 292 332 327 Primo
359 292 535 335 adspectu
563 291 761 335 persimilis
796 291 872 337 Lej,
896 290 1083 336 suffuscae.
1137 288 1257 323 caulis
1281 292 1370 323 3-6
1389 289 1449 322 lin.
1478 290 1622 334 longus,

111 351 555 396 divergenti-ramosns,
596 349 707 384 ramis
742 349 1045 384 subventralibus
1082 347 1335 392 irregulariter
1365 348 1494 383 divisis
1529 351 1619 384 sub—

112 412 274 456 pinnatis
300 409 613 450 convexiuscufis,
640 409 679 443 in
707 408 857 442 humido
884 407 1142 452 planiusculis,
1177 408 1240 442 vix
1267 408 1291 449 ὲ
1316 407 1363 441 ad
1390 409 1410 449 ᾗ·
1436 408 1499 441 lin.
1527 407 1622 442 latis.

112 471 224 506 Color
249 471 388 511 fuscus,
414 480 566 513 opacus.
617 467 723 502 Folia
748 467 862 502 dense
880 467 1088 507 imbricata,
1115 465 1196 500 basi
1216 466 1435 501 subsinuata
1453 467 1490 501 in
1512 467 1619 501 lobu-

112 531 186 564 lum
211 530 379 564 inflatum
406 527 603 569 abeuntia,
639 527 788 561 caulina
817 538 1016 572 rameaque
1042 525 1302 569 integerrima;
1335 526 1423 560 retis
1455 526 1622 560 maculae

111 599 249 632 parvae
286 587 553 628 subrotundae,
586 586 882 621 intercellulares
907 585 1158 620 indistinctae.
1221 585 1492 632 Ampliz'yastria
1526 584 1623 620 foliis

112 648 225 692 duplo
251 647 405 687 minora,
431 647 558 690 plana,
585 645 760 688 contigua
794 649 858 679 aut
884 645 1150 679 subimbrieata
1184 649 1248 678 aut
1280 644 1398 687 magis
1425 644 1537 679 etiam
1562 644 1619 679 di-

113 704 271 747 stantia,
310 705 422 749 paulo
462 704 581 748 magis
614 705 652 738 in
690 703 922 738 latitudinem
962 714 1073 747 quam
1107 703 1144 737 in
1183 703 1416 736 altitudinem
1454 706 1624 741 extensa.

112 765 255 807 integra
292 770 328 798 et
362 763 611 806 integerrima.
672 762 822 796 Ramuli
857 762 1034 796 fructiferi
1069 763 1091 804 ὲ
1118 782 1134 788 -
1163 763 1185 805 3²,-
1213 761 1274 796 lin.
1304 761 1425 805 longi,
1460 761 1623 796 nonnihil

112 821 320 856 incrassati.
381 822 487 856 Folia
518 821 745 855 involvor-alia
788 821 938 865 reliquis
973 821 1083 864 paulo
1122 821 1284 862 maiora,
1319 820 1482 866 undique
1516 820 1621 856 inae-

112 881 270 925 qualiter
300 881 472 921 dentata,
505 884 543 914 et
576 880 664 914 folia
698 879 980 924 antipenultima
1014 880 1249 914 subdentata.
1324 879 1626 926 Ampln'yastrz‘um

101 938 230 984 florale
255 938 407 982 reliquis
433 939 553 973 maius
580 939 785 972 dentatum.
836 938 1085 971 Per-ianthium
1117 938 1299 973 involucri
1334 939 1422 973 folia
1448 949 1625 983 aequans,

113 998 377 1039 subcirculare,
404 998 514 1032 dorso
539 997 827 1041 planiusculum,
853 997 987 1031 subtus
1006 996 1042 1030 in
1062 997 1183 1031 medio
1198 997 1460 1038 ventricosum,
1486 996 1626 1031 ambitu

114 1056 237 1090 antico
263 1056 360 1090 omni
387 1056 712 1097 inciso-dentato,
739 1055 913 1090 dentibus
940 1055 1107 1089 nonnihil
1134 1055 1406 1100 inaequalibus.
1459 1054 1627 1102 Calypcra

113 1115 257 1149 inclusa
283 1115 378 1160 stylo
405 1120 634 1150 mucronata.
688 1114 840 1161 Capsula
865 1115 1062 1148 immatura
1089 1115 1270 1155 obovata‚
1289 1114 1454 1160 pedit-ello
1480 1115 1623 1149 brevis-

114 1176 207 1210 simo
252 1187 379 1210 crasso
414 1175 591 1209 insidens.
645 1173 796 1220 Capsula
831 1179 887 1207 est
916 1173 1264 1218 semiquadrivalvis
1299 1173 1458 1207 valvulis
1494 1178 1623 1208 ovato-

113 1234 342 1270 lanceolatis.
399 1233 557 1267 Elateres
583 1232 750 1277 unispiri.
801 1233 993 1267 Pedicellus
1018 1233 1133 1267 laevis
1159 1232 1357 1276 perianthii
1384 1231 1626 1275 longitudine.

210 1293 343 1327 Differt
368 1305 388 1327 a
416 1293 459 1326 L.
483 1292 645 1338 subfusca
672 1292 945 1336 ainpliigastriis
972 1291 1208 1333 maiusculis,
1236 1291 1311 1325 fere
1337 1291 1499 1335 perfecte
1526 1291 1625 1325 reni-

114 1352 290 1386 formibus
317 1352 584 1396 adproximatis
612 1351 808 1396 lobuloque
843 1352 1012 1386 foliorum
1040 1351 1323 1385 involucralium
1358 1351 1414 1385 vel
1444 1351 1543 1385 nullo
1568 1351 1627 1384 vel

114 1410 271 1454 exiguo,
310 1422 382 1455 quo
415 1412 629 1445 charactere
665 1410 710 1444 ad
738 1411 781 1444 L.
807 1411 1033 1457 adplmmtam
1068 1410 1406 1455 adpropinquatur;
1441 1410 1542 1455 quod
1582 1410 1628 1444 ad

114 1471 281 1505 foliorum
309 1472 461 1505 formam
488 1472 563 1506 fere
590 1482 673 1505 eum
701 1471 776 1516 qu.
801 1470 962 1516 szclgfasea
989 1469 1169 1513 congruit.

441 1580 494 1611 10.
545 1577 803 1622 Lejeunia
828 1575 1086 1622 subfusca
1114 1575 1161 1610 N.
1190 1575 1236 1609 ab
1263 1575 1306 1609 E.

211 1648 255 1681 L.
291 1647 387 1682 caule
409 1652 542 1693 repente
576 1659 658 1690 vaye
676 1647 917 1692 pimzcrtimque
941 1658 1072 1680 ramoso
1091 1644 1236 1690 θναοὶῖὶ,
1258 1644 1364 1690 foliis
1387 1645 1631 1690 adproaeimatis

114 1707 401 1741 ovato-rotundis
445 1706 570 1739 obtusis
608 1706 840 1750 iuteyerrimis
888 1706 1043 1749 ‘mai-gsiut?
1080 1704 1191 1750 infero
1226 1705 1628 1750 sinuato-complicatis,

116 1764 225 1798 Iobulo
248 1765 440 1799 subsunt-ato
467 1764 538 1798 basi
562 1765 747 1798 ventricoso
771 1764 1063 1809 subinteyerrimo,
1089 1762 1476 1808 cmzplziyastriisparvis
1490 1764 1626 1798 discan-

116 1824 205 1858 tibus
227 1824 448 1858 subt-ntundz‘s
465 1824 602 1870 planis,
625 1823 755 1868 fmctu
786 1824 823 1856 in
848 1823 994 1856 ramulis
1019 1821 1213 1861 terminali,
1235 1820 1340 1866 foliis
1365 1820 1629 1856 involzccrale'bus

114 1882 264 1917 eboratis
296 1884 427 1918 minute
452 1882 844 1917 denticulato-serratis
882 1883 1035 1926 maryz'ne
1066 1880 1177 1926 infero
1202 1881 1238 1913 in
1273 1878 1421 1914 {obulum
1447 1879 1630 1924 lonqinrem

111 1942 255 1987 planum
279 1943 501 1989 complicatis,
525 1941 721 1987 periantltz’o
738 1939 1081 1987 oborato-pytq‘fmmi
1102 1951 1285 1984 compresso
1303 1946 1420 1972 ventre
1441 1939 1630 1974 biearinato

114 2000 328 2044 mmyinibus
352 2000 554 2046 anyulisque
578 2012 721 2046 superne
745 2000 1033 2034 cristato-incisis.
1086 1998 1246 2031 Gottsclie
1271 1997 1366 2032 Icon.
1393 1998 1469 2044 Lej.
1496 1998 1543 2034 V.
1571 2003 1604 2034 3.

308 2074 575 2114 Jungermannia
603 2072 759 2104 subfusca
788 2069 892 2104 Nab
905 2069 950 2103 Ε.
979 2070 1106 2103 Enum.
1129 2069 1180 2115 pl.
1207 2081 1255 2103 cr.
1281 2068 1363 2102 Jav.
1383 2081 1422 2114 p.
1439 2072 1496 2103 36.
1521 2082 1554 2103 n.
1571 2074 1628 2104 44.

211 2166 371 2200 Habitat
395 2166 491 2199 inter
517 2176 665 2200 muscos
691 2168 883 2209 terrestres
908 2164 1027 2198 Javae
1055 2163 1213 2203 insulae,
1240 2162 1277 2196 in
1300 2163 1404 2196 Chile
1429 2164 1628 2209 fflertero),

115 2225 304 2269 Singapur
339 2225 429 2267 (Hb.
458 2225 533 2265 M.,
562 2224 630 2265 N.,
656 2224 722 2265 L.,
749 2224 814 2267 Lg.
841 2228 878 2257 et
905 2224 965 2267 G.)
1026 2223 1203 2257 Plantula
1229 2233 1274 2256 ex
1305 2221 1434 2255 Insula
1460 2221 1628 2256 Mauritii

114 2284 209 2316 inter
234 2282 461 2317 Frullaniam
485 2282 715 2329 cyparioz'dem
739 2283 782 2316 L.
798 2282 909 2325 etLg.
929 2286 966 2316 et
990 2281 1248 2328 Chiloscypltum
1266 2286 1430 2324 aryutum
1457 2280 1505 2314 N.
1525 2280 1572 2314 ab
1585 2280 1626 2314 Ε.

116 2346 261 2386 reperta
286 2345 364 2376 toto
389 2341 519 2375 habitu
545 2340 630 2375 huic
656 2341 793 2385 speciei
821 2341 976 2384 accedit,
1004 2341 1173 2376 foliorum
1200 2338 1487 2374 involucralium
1513 2339 1626 2373 lobuli

117 2411 202 2435 vero
227 2400 385 2435 obsoleti
411 2404 453 2434 ut
478 2400 515 2433 in
544 2400 621 2445 qu.
649 2399 864 2444 Sayraeana.

209 2471 243 2505 A
283 2471 363 2518 Lej.
400 2470 590 2517 adplmzata
625 2469 715 2503 haec
755 2470 835 2516 Lej.
869 2470 1029 2516 subfusca
1067 2469 1189 2503 differt
1226 2468 1348 2502 colore
1386 2467 1627 2510 nigrescente,

118 2529 395 2573 amphigastriis
436 2529 602 2572 margine
645 2529 812 2570 reflexis,
859 2528 955 2563 foliis
988 2529 1094 2572 apice
1135 2526 1342 2562 rotundatis
1377 2530 1414 2560 et
1451 2536 1630 2572 copipage

116 2587 300 2629 crassiorss
326 2600 409 2622 cum
438 2588 474 2622 in
491 2589 568 2634 qu'.
591 2587 783 2633 adplanata
809 2587 895 2622 folia
921 2587 998 2622 sint
1022 2591 1171 2622 textura
1204 2586 1376 2620 dilutiore
1410 2596 1628 2630 semperque

116 2647 328 2680 acuminata
352 2648 442 2692 (quo
461 2647 674 2681 charactere
700 2646 811 2680 etiam
839 2646 950 2691 stirps
974 2646 1110 2681 sterilis
1137 2646 1232 2688 alter
1255 2645 1301 2679 ab
1329 2645 1445 2679 altero
1468 2644 1628 2678 discerni

118 2708 273 2748 potest):
314 2705 596 2739 fructificatione
641 2709 765 2739 autem
809 2716 915 2740 omne
961 2705 1115 2739 dubium
1151 2704 1317 2739 solvitur.
1380 2703 1504 2737 Valde
1541 2702 1627 2736 huic

118 2762 384 2807 Lvlsulgfuscae
410 2764 555 2798 accedit
583 2764 663 2810 Lej.
681 2764 888 2809 Swraeana
912 2764 1053 2806 Mont.‚
1080 2769 1115 2798 et
1141 2768 1284 2797 tantum
1311 2762 1348 2796 in
1374 2763 1491 2805 figura
1516 2761 1625 2796 folio—

119 2832 196 2854 rum
229 2821 509 2856 involucralium
551 2823 711 2868 aliquam
747 2824 993 2858 differentiam
1030 2823 1156 2858 videre
1198 2826 1324 2866 potes,
1362 2831 1444 2855 cum
1479 2823 1516 2854 et
1546 2820 1626 2864 ipse

120 2881 267 2914 lobulus
294 2881 369 2915 folii
396 2881 634 2916 involucralis
659 2882 695 2916 in
723 2886 879 2927 utraque
904 2883 1031 2926 planta
1065 2882 1113 2917 sit
1143 2880 1387 2924 isomorphus.
1445 2879 1478 2914 A
1511 2878 1628 2913 forma
