<?xml version="1.0" encoding="UTF-8"?>
<!DOCTYPE html PUBLIC "-//W3C//DTD XHTML 1.0 Transitional//EN"
    "http://www.w3.org/TR/xhtml1/DTD/xhtml1-transitional.dtd">
<html xmlns="http://www.w3.org/1999/xhtml" xml:lang="en" lang="en">
 <head>
  <title>
</title>
<meta http-equiv="Content-Type" content="text/html;charset=utf-8" />
  <meta name='ocr-system' content='tesseract 3.04.00' />
  <meta name='ocr-capabilities' content='ocr_page ocr_carea ocr_par ocr_line ocrx_word'/>
</head>
<body>
  <div class='ocr_page' id='page_1' title='image "./synopsishepatica00gott_0614.png"; bbox 0 0 1824 3252; ppageno 0'>
   <div class='ocr_carea' id='block_1_1' title="bbox 151 207 1050 245">
    <p class='ocr_par' dir='ltr' id='par_1_1' title="bbox 151 207 1050 245">
     <span class='ocr_line' id='line_1_1' title="bbox 151 207 1050 245; baseline -0.002 -2"><span class='ocrx_word' id='word_1_1' title='bbox 151 213 222 245; x_wconf 72' lang='lat'>580</span> <span class='ocrx_word' id='word_1_2' title='bbox 778 207 1050 242; x_wconf 80' lang='lat' dir='ltr'>Dendroceros.</span> 
     </span>
    </p>
   </div>
   <div class='ocr_carea' id='block_1_2' title="bbox 151 321 1681 663">
    <p class='ocr_par' dir='ltr' id='par_1_2' title="bbox 151 321 1681 663">
     <span class='ocr_line' id='line_1_2' title="bbox 152 321 1678 366; baseline -0.003 -5"><span class='ocrx_word' id='word_1_3' title='bbox 152 338 247 365; x_wconf 80' lang='lat' dir='ltr'>sum,</span> <span class='ocrx_word' id='word_1_4' title='bbox 275 336 294 359; x_wconf 92' lang='lat' dir='ltr'>e</span> <span class='ocrx_word' id='word_1_5' title='bbox 321 329 424 358; x_wconf 82' lang='lat' dir='ltr'>costa</span> <span class='ocrx_word' id='word_1_6' title='bbox 453 330 537 355; x_wconf 73' lang='lat' dir='ltr'>ante</span> <span class='ocrx_word' id='word_1_7' title='bbox 566 322 711 364; x_wconf 75' lang='lat' dir='ltr'>apicem</span> <span class='ocrx_word' id='word_1_8' title='bbox 739 321 948 364; x_wconf 82' lang='lat' dir='ltr'>egrediens,</span> <span class='ocrx_word' id='word_1_9' title='bbox 975 324 998 355; x_wconf 76' lang='lat'>2</span> <span class='ocrx_word' id='word_1_10' title='bbox 1027 321 1087 354; x_wconf 92' lang='lat' dir='ltr'>lin.</span> <span class='ocrx_word' id='word_1_11' title='bbox 1108 322 1268 364; x_wconf 78' lang='lat' dir='ltr'>longum,</span> <span class='ocrx_word' id='word_1_12' title='bbox 1299 323 1404 366; x_wconf 82' lang='lat' dir='ltr'>apice</span> <span class='ocrx_word' id='word_1_13' title='bbox 1430 322 1515 356; x_wconf 89' lang='lat' dir='ltr'>hinc</span> <span class='ocrx_word' id='word_1_14' title='bbox 1542 324 1678 357; x_wconf 78' lang='lat' dir='ltr'>fissum.</span> 
     </span>
     <span class='ocr_line' id='line_1_3' title="bbox 154 381 1680 426; baseline -0.002 -6"><span class='ocrx_word' id='word_1_15' title='bbox 154 384 377 420; x_wconf 61' lang='lat' dir='ltr'>Pedum-ulus</span> <span class='ocrx_word' id='word_1_16' title='bbox 405 382 524 423; x_wconf 70' lang='lat' dir='ltr'>magis</span> <span class='ocrx_word' id='word_1_17' title='bbox 552 381 722 414; x_wconf 81' lang='lat' dir='ltr'>minusve</span> <span class='ocrx_word' id='word_1_18' title='bbox 749 392 769 414; x_wconf 91' lang='lat' dir='ltr'>e</span> <span class='ocrx_word' id='word_1_19' title='bbox 797 381 1008 425; x_wconf 73' lang='lat' dir='ltr'>periantliio</span> <span class='ocrx_word' id='word_1_20' title='bbox 1037 387 1230 421; x_wconf 88' lang='lat' dir='ltr'>exsertus,</span> <span class='ocrx_word' id='word_1_21' title='bbox 1266 382 1404 426; x_wconf 86' lang='lat' dir='ltr'>pallide</span> <span class='ocrx_word' id='word_1_22' title='bbox 1438 383 1680 418; x_wconf 81' lang='lat' dir='ltr'>viridescens,</span> 
     </span>
     <span class='ocr_line' id='line_1_4' title="bbox 153 440 1681 491; baseline 0 -14"><span class='ocrx_word' id='word_1_23' title='bbox 153 444 301 491; x_wconf 60' lang='lat' dir='ltr'>(supuda</span> <span class='ocrx_word' id='word_1_24' title='bbox 338 442 508 475; x_wconf 73' lang='lat' dir='ltr'>linearis,</span> <span class='ocrx_word' id='word_1_25' title='bbox 546 440 683 483; x_wconf 70' lang='lat' dir='ltr'>paltide</span> <span class='ocrx_word' id='word_1_26' title='bbox 711 440 839 480; x_wconf 80' lang='lat' dir='ltr'>fusca,</span> <span class='ocrx_word' id='word_1_27' title='bbox 868 441 951 474; x_wconf 84' lang='lat' dir='ltr'>binc</span> <span class='ocrx_word' id='word_1_28' title='bbox 979 441 1300 483; x_wconf 82' lang='lat' dir='ltr'>longitudinaliter</span> <span class='ocrx_word' id='word_1_29' title='bbox 1328 443 1547 481; x_wconf 81' lang='lat' dir='ltr'>dehiscens,</span> <span class='ocrx_word' id='word_1_30' title='bbox 1575 444 1681 488; x_wconf 86' lang='lat' dir='ltr'>apice</span> 
     </span>
     <span class='ocr_line' id='line_1_5' title="bbox 151 499 1680 546; baseline -0.002 -8"><span class='ocrx_word' id='word_1_31' title='bbox 151 507 248 538; x_wconf 78' lang='lat' dir='ltr'>tissa.</span> <span class='ocrx_word' id='word_1_32' title='bbox 302 500 489 534; x_wconf 57' lang='lat' dir='ltr'>columella</span> <span class='ocrx_word' id='word_1_33' title='bbox 525 500 702 532; x_wconf 72' lang='lat' dir='ltr'>centralis</span> <span class='ocrx_word' id='word_1_34' title='bbox 739 500 966 541; x_wconf 75' lang='lat' dir='ltr'>gracillima,</span> <span class='ocrx_word' id='word_1_35' title='bbox 1009 501 1067 533; x_wconf 69' lang='lat' dir='ltr'>‹tui</span> <span class='ocrx_word' id='word_1_36' title='bbox 1103 499 1244 534; x_wconf 71' lang='lat' dir='ltr'>semina</span> <span class='ocrx_word' id='word_1_37' title='bbox 1279 503 1508 546; x_wconf 67' lang='lat' dir='ltr'>elzneresque</span> <span class='ocrx_word' id='word_1_38' title='bbox 1544 502 1680 535; x_wconf 81' lang='lat' dir='ltr'>adfixa.</span> 
     </span>
     <span class='ocr_line' id='line_1_6' title="bbox 152 560 1677 605; baseline -0.002 -8"><span class='ocrx_word' id='word_1_39' title='bbox 152 565 310 598; x_wconf 63' lang='lat' dir='ltr'>Elauer-es</span> <span class='ocrx_word' id='word_1_40' title='bbox 340 562 492 599; x_wconf 70' lang='lat' dir='ltr'>breves,</span> <span class='ocrx_word' id='word_1_41' title='bbox 532 560 684 603; x_wconf 58' lang='lat' dir='ltr'>bispiri‚</span> <span class='ocrx_word' id='word_1_42' title='bbox 719 560 811 593; x_wconf 85' lang='lat' dir='ltr'>fibra</span> <span class='ocrx_word' id='word_1_43' title='bbox 841 560 926 593; x_wconf 78' lang='lat' dir='ltr'>lata.</span> <span class='ocrx_word' id='word_1_44' title='bbox 979 561 1123 593; x_wconf 66' lang='lat' dir='ltr'>Semina</span> <span class='ocrx_word' id='word_1_45' title='bbox 1152 571 1309 603; x_wconf 89' lang='lat' dir='ltr'>magna,</span> <span class='ocrx_word' id='word_1_46' title='bbox 1338 561 1553 605; x_wconf 82' lang='lat' dir='ltr'>sphaerica,</span> <span class='ocrx_word' id='word_1_47' title='bbox 1589 562 1677 594; x_wconf 87' lang='lat' dir='ltr'>sub-</span> 
     </span>
     <span class='ocr_line' id='line_1_7' title="bbox 153 619 1174 663; baseline -0.005 -5"><span class='ocrx_word' id='word_1_48' title='bbox 153 623 365 659; x_wconf 69' lang='lat' dir='ltr'>rotundatu,</span> <span class='ocrx_word' id='word_1_49' title='bbox 393 619 586 663; x_wconf 87' lang='lat' dir='ltr'>paululum</span> <span class='ocrx_word' id='word_1_50' title='bbox 614 623 856 661; x_wconf 79' lang='lat' dir='ltr'>angustata.“</span> <span class='ocrx_word' id='word_1_51' title='bbox 912 619 1065 653; x_wconf 84' lang='lat' dir='ltr'>Hooker</span> <span class='ocrx_word' id='word_1_52' title='bbox 1093 621 1115 654; x_wconf 92' lang='lat' dir='ltr'>l.</span> <span class='ocrx_word' id='word_1_53' title='bbox 1145 632 1174 653; x_wconf 88' lang='lat' dir='ltr'>c.</span> 
     </span>
    </p>
   </div>
   <div class='ocr_carea' id='block_1_3' title="bbox 376 711 1460 760">
    <p class='ocr_par' dir='ltr' id='par_1_3' title="bbox 376 711 1460 760">
     <span class='ocr_line' id='line_1_8' title="bbox 376 711 1460 760; baseline -0.002 -14"><span class='ocrx_word' id='word_1_54' title='bbox 376 716 410 747; x_wconf 71' lang='lat'>2.</span> <span class='ocrx_word' id='word_1_55' title='bbox 463 711 835 747; x_wconf 76' lang='lat' dir='ltr'>Dendroceros</span> <span class='ocrx_word' id='word_1_56' title='bbox 862 714 1288 760; x_wconf 72' lang='lat' dir='ltr'>leptohymenius</span> <span class='ocrx_word' id='word_1_57' title='bbox 1312 712 1460 756; x_wconf 70' lang='lat' dir='ltr'>Taylor.</span> 
     </span>
    </p>
   </div>
   <div class='ocr_carea' id='block_1_4' title="bbox 151 783 1687 2501">
    <p class='ocr_par' dir='ltr' id='par_1_4' title="bbox 151 783 1685 950">
     <span class='ocr_line' id='line_1_9' title="bbox 248 783 1682 833; baseline -0.004 -12"><span class='ocrx_word' id='word_1_58' title='bbox 248 787 298 821; x_wconf 89' lang='lat' dir='ltr'>D.</span> <span class='ocrx_word' id='word_1_59' title='bbox 321 783 515 833; x_wconf 75' lang='lat' dir='ltr'>peclunculo</span> <span class='ocrx_word' id='word_1_60' title='bbox 547 790 697 824; x_wconf 68' lang='lat' dir='ltr'>exserto,</span> <span class='ocrx_word' id='word_1_61' title='bbox 722 784 855 829; x_wconf 78' lang='lat' dir='ltr'>fronde</span> <span class='ocrx_word' id='word_1_62' title='bbox 886 784 1138 819; x_wconf 75' lang='lat' dir='ltr'>suborbiculari</span> <span class='ocrx_word' id='word_1_63' title='bbox 1172 785 1371 819; x_wconf 72' lang='lat' dir='ltr'>tenuissima</span> <span class='ocrx_word' id='word_1_64' title='bbox 1399 790 1577 829; x_wconf 69' lang='lat' dir='ltr'>prostrata</span> <span class='ocrx_word' id='word_1_65' title='bbox 1608 795 1682 826; x_wconf 73' lang='lat' dir='ltr'>sey-</span> 
     </span>
     <span class='ocr_line' id='line_1_10' title="bbox 151 841 1685 890; baseline -0.003 -10"><span class='ocrx_word' id='word_1_66' title='bbox 151 847 272 880; x_wconf 76' lang='lat' dir='ltr'>mentis</span> <span class='ocrx_word' id='word_1_67' title='bbox 306 843 537 890; x_wconf 73' lang='lat' dir='ltr'><em>utplurimum</em></span> <span class='ocrx_word' id='word_1_68' title='bbox 571 845 667 890; x_wconf 77' lang='lat' dir='ltr'>apice</span> <span class='ocrx_word' id='word_1_69' title='bbox 699 843 818 878; x_wconf 76' lang='lat' dir='ltr'>bilobis</span> <span class='ocrx_word' id='word_1_70' title='bbox 853 846 1049 879; x_wconf 75' lang='lat' dir='ltr'><em>rotundatis</em></span> <span class='ocrx_word' id='word_1_71' title='bbox 1085 844 1280 885; x_wconf 64' lang='lat' dir='ltr'>nudabitis,</span> <span class='ocrx_word' id='word_1_72' title='bbox 1319 843 1496 878; x_wconf 67' lang='lat' dir='ltr'>involucro</span> <span class='ocrx_word' id='word_1_73' title='bbox 1527 841 1685 876; x_wconf 67' lang='lat' dir='ltr'>subulam</span> 
     </span>
     <span class='ocr_line' id='line_1_11' title="bbox 151 903 660 950; baseline -0.006 -10"><span class='ocrx_word' id='word_1_74' title='bbox 151 907 224 940; x_wconf 74' lang='lat' dir='ltr'>basi</span> <span class='ocrx_word' id='word_1_75' title='bbox 249 911 391 940; x_wconf 68' lang='lat' dir='ltr'>curvato</span> <span class='ocrx_word' id='word_1_76' title='bbox 415 906 511 950; x_wconf 75' lang='lat' dir='ltr'>apice</span> <span class='ocrx_word' id='word_1_77' title='bbox 537 903 660 938; x_wconf 81' lang='lat' dir='ltr'>lacero.</span> 
     </span>
    </p>

    <p class='ocr_par' dir='ltr' id='par_1_5' title="bbox 344 955 1682 1068">
     <span class='ocr_line' id='line_1_12' title="bbox 344 955 1682 1010; baseline 0 -14"><span class='ocrx_word' id='word_1_78' title='bbox 344 966 526 996; x_wconf 76' lang='lat' dir='ltr'>Monoclea</span> <span class='ocrx_word' id='word_1_79' title='bbox 561 955 826 1008; x_wconf 63' lang='lat' dir='ltr'>leptobymenia⁴</span> <span class='ocrx_word' id='word_1_80' title='bbox 856 963 989 1010; x_wconf 60' lang='grc' dir='ltr'>Ταμὼν·</span> <span class='ocrx_word' id='word_1_81' title='bbox 1023 964 1115 1009; x_wconf 60' lang='lat' dir='ltr'>slep.</span> <span class='ocrx_word' id='word_1_82' title='bbox 1149 969 1299 997; x_wconf 68' lang='lat' dir='ltr'>anteiret,</span> <span class='ocrx_word' id='word_1_83' title='bbox 1336 964 1371 996; x_wconf 75' lang='lat' dir='ltr'>in</span> <span class='ocrx_word' id='word_1_84' title='bbox 1409 963 1522 996; x_wconf 78' lang='lat' dir='ltr'>Loml.</span> <span class='ocrx_word' id='word_1_85' title='bbox 1556 961 1682 996; x_wconf 68' lang='lat' dir='ltr'>Jozcrn.</span> 
     </span>
     <span class='ocr_line' id='line_1_13' title="bbox 427 1022 1011 1068; baseline 0.002 -12"><span class='ocrx_word' id='word_1_86' title='bbox 427 1023 472 1068; x_wconf 69' lang='lat' dir='ltr'>qs</span> <span class='ocrx_word' id='word_1_87' title='bbox 490 1022 555 1057; x_wconf 74' lang='lat' dir='ltr'>bot.</span> <span class='ocrx_word' id='word_1_88' title='bbox 587 1025 690 1057; x_wconf 74' lang='lat'>1844.</span> <span class='ocrx_word' id='word_1_89' title='bbox 712 1035 752 1068; x_wconf 80' lang='lat' dir='ltr'>p.</span> <span class='ocrx_word' id='word_1_90' title='bbox 778 1026 862 1057; x_wconf 77' lang='lat'><strong><em>575.</em></strong></span> <span class='ocrx_word' id='word_1_91' title='bbox 891 1036 925 1056; x_wconf 80' lang='lat' dir='ltr'>n.</span> <span class='ocrx_word' id='word_1_92' title='bbox 952 1027 1011 1058; x_wconf 78' lang='lat'>50.</span> 
     </span>
    </p>

    <p class='ocr_par' dir='ltr' id='par_1_6' title="bbox 248 1082 1001 1128">
     <span class='ocr_line' id='line_1_14' title="bbox 248 1082 1001 1128; baseline -0.001 -10"><span class='ocrx_word' id='word_1_93' title='bbox 248 1085 291 1118; x_wconf 88' lang='lat' dir='ltr'>In</span> <span class='ocrx_word' id='word_1_94' title='bbox 321 1083 430 1116; x_wconf 86' lang='lat' dir='ltr'>Nova</span> <span class='ocrx_word' id='word_1_95' title='bbox 459 1083 665 1117; x_wconf 87' lang='lat' dir='ltr'>Zeelandia</span> <span class='ocrx_word' id='word_1_96' title='bbox 692 1082 866 1126; x_wconf 81' lang='lat' dir='ltr'>(Hooker</span> <span class='ocrx_word' id='word_1_97' title='bbox 887 1084 1001 1128; x_wconf 63' lang='lat' dir='ltr'>jum).</span> 
     </span>
    </p>

    <p class='ocr_par' dir='ltr' id='par_1_7' title="bbox 152 1141 1687 2501">
     <span class='ocr_line' id='line_1_15' title="bbox 249 1141 1683 1187; baseline -0.001 -10"><span class='ocrx_word' id='word_1_98' title='bbox 249 1143 403 1177; x_wconf 78' lang='lat' dir='ltr'>Fromles</span> <span class='ocrx_word' id='word_1_99' title='bbox 436 1147 659 1183; x_wconf 81' lang='lat' dir='ltr'>contextae,</span> <span class='ocrx_word' id='word_1_100' title='bbox 696 1143 771 1176; x_wconf 87' lang='lat' dir='ltr'>fere</span> <span class='ocrx_word' id='word_1_101' title='bbox 799 1146 822 1176; x_wconf 81' lang='lat'><strong>2</strong></span> <span class='ocrx_word' id='word_1_102' title='bbox 855 1143 941 1187; x_wconf 90' lang='lat' dir='ltr'>poll.</span> <span class='ocrx_word' id='word_1_103' title='bbox 980 1143 1134 1185; x_wconf 85' lang='lat' dir='ltr'>longae,</span> <span class='ocrx_word' id='word_1_104' title='bbox 1164 1141 1259 1176; x_wconf 89' lang='lat' dir='ltr'>lobis</span> <span class='ocrx_word' id='word_1_105' title='bbox 1293 1141 1441 1176; x_wconf 83' lang='lat' dir='ltr'>circiter</span> <span class='ocrx_word' id='word_1_106' title='bbox 1466 1144 1487 1186; x_wconf 59' lang='grc' dir='ltr'>ἑ</span> <span class='ocrx_word' id='word_1_107' title='bbox 1515 1143 1683 1187; x_wconf 82' lang='lat' dir='ltr'>pollicem</span> 
     </span>
     <span class='ocr_line' id='line_1_16' title="bbox 152 1201 1684 1246; baseline -0.001 -9"><span class='ocrx_word' id='word_1_108' title='bbox 152 1203 248 1243; x_wconf 84' lang='lat' dir='ltr'>latis,</span> <span class='ocrx_word' id='word_1_109' title='bbox 280 1202 316 1234; x_wconf 91' lang='lat' dir='ltr'>iu</span> <span class='ocrx_word' id='word_1_110' title='bbox 345 1206 444 1234; x_wconf 77' lang='lat' dir='ltr'>statu</span> <span class='ocrx_word' id='word_1_111' title='bbox 473 1203 574 1236; x_wconf 90' lang='lat' dir='ltr'>sicco</span> <span class='ocrx_word' id='word_1_112' title='bbox 603 1201 894 1244; x_wconf 87' lang='lat' dir='ltr'>nigro—virides,</span> <span class='ocrx_word' id='word_1_113' title='bbox 923 1209 1050 1246; x_wconf 87' lang='lat' dir='ltr'>partes</span> <span class='ocrx_word' id='word_1_114' title='bbox 1077 1201 1242 1235; x_wconf 84' lang='lat' dir='ltr'>iuniores</span> <span class='ocrx_word' id='word_1_115' title='bbox 1269 1206 1407 1242; x_wconf 85' lang='lat' dir='ltr'>autem,</span> <span class='ocrx_word' id='word_1_116' title='bbox 1442 1213 1527 1236; x_wconf 90' lang='lat' dir='ltr'>cum</span> <span class='ocrx_word' id='word_1_117' title='bbox 1554 1202 1684 1236; x_wconf 87' lang='lat' dir='ltr'>hume-</span> 
     </span>
     <span class='ocr_line' id='line_1_17' title="bbox 152 1261 1686 1303; baseline -0.003 -5"><span class='ocrx_word' id='word_1_118' title='bbox 152 1269 320 1303; x_wconf 82' lang='lat' dir='ltr'>ctcntur,</span> <span class='ocrx_word' id='word_1_119' title='bbox 349 1273 506 1297; x_wconf 84' lang='lat' dir='ltr'>amoene</span> <span class='ocrx_word' id='word_1_120' title='bbox 535 1262 692 1301; x_wconf 87' lang='lat' dir='ltr'>virides,</span> <span class='ocrx_word' id='word_1_121' title='bbox 727 1262 836 1295; x_wconf 76' lang='lat' dir='ltr'>valde</span> <span class='ocrx_word' id='word_1_122' title='bbox 865 1266 1019 1302; x_wconf 85' lang='lat' dir='ltr'>tenues,</span> <span class='ocrx_word' id='word_1_123' title='bbox 1058 1262 1336 1302; x_wconf 79' lang='lat' dir='ltr'>subcarnosae‚</span> <span class='ocrx_word' id='word_1_124' title='bbox 1375 1266 1550 1296; x_wconf 82' lang='lat' dir='ltr'>texturae</span> <span class='ocrx_word' id='word_1_125' title='bbox 1579 1261 1686 1294; x_wconf 84' lang='lat' dir='ltr'>valde</span> 
     </span>
     <span class='ocr_line' id='line_1_18' title="bbox 152 1321 1686 1365; baseline -0.002 -7"><span class='ocrx_word' id='word_1_126' title='bbox 152 1324 415 1362; x_wconf 82' lang='lat' dir='ltr'>indistin‹:tae;</span> <span class='ocrx_word' id='word_1_127' title='bbox 443 1322 478 1355; x_wconf 91' lang='lat' dir='ltr'>in</span> <span class='ocrx_word' id='word_1_128' title='bbox 506 1327 603 1355; x_wconf 87' lang='lat' dir='ltr'>statu</span> <span class='ocrx_word' id='word_1_129' title='bbox 633 1321 784 1354; x_wconf 88' lang='lat' dir='ltr'>humido</span> <span class='ocrx_word' id='word_1_130' title='bbox 812 1328 996 1365; x_wconf 81' lang='lat' dir='ltr'>apparent</span> <span class='ocrx_word' id='word_1_131' title='bbox 1010 1322 1167 1355; x_wconf 81' lang='lat' dir='ltr'>cellulae</span> <span class='ocrx_word' id='word_1_132' title='bbox 1185 1322 1385 1355; x_wconf 82' lang='lat' dir='ltr'>nonnullae</span> <span class='ocrx_word' id='word_1_133' title='bbox 1405 1322 1686 1365; x_wconf 85' lang='lat' dir='ltr'>glaucescentes</span> 
     </span>
     <span class='ocr_line' id='line_1_19' title="bbox 152 1381 1684 1427; baseline -0.003 -9"><span class='ocrx_word' id='word_1_134' title='bbox 152 1386 250 1419; x_wconf 75' lang='lat' dir='ltr'>inter</span> <span class='ocrx_word' id='word_1_135' title='bbox 279 1383 441 1427; x_wconf 84' lang='lat' dir='ltr'>reliquas</span> <span class='ocrx_word' id='word_1_136' title='bbox 467 1382 625 1416; x_wconf 88' lang='lat' dir='ltr'>obscure</span> <span class='ocrx_word' id='word_1_137' title='bbox 653 1381 865 1422; x_wconf 80' lang='lat' dir='ltr'>olivaceas‚</span> <span class='ocrx_word' id='word_1_138' title='bbox 900 1393 920 1415; x_wconf 90' lang='lat' dir='ltr'>e</span> <span class='ocrx_word' id='word_1_139' title='bbox 955 1381 1092 1425; x_wconf 81' lang='lat' dir='ltr'>quibus</span> <span class='ocrx_word' id='word_1_140' title='bbox 1119 1387 1267 1415; x_wconf 87' lang='lat' dir='ltr'>constat</span> <span class='ocrx_word' id='word_1_141' title='bbox 1293 1382 1443 1425; x_wconf 85' lang='lat' dir='ltr'>planta,</span> <span class='ocrx_word' id='word_1_142' title='bbox 1478 1381 1684 1425; x_wconf 80' lang='lat' dir='ltr'>dispersae.</span> 
     </span>
     <span class='ocr_line' id='line_1_20' title="bbox 153 1440 1686 1485; baseline -0.003 -7"><span class='ocrx_word' id='word_1_143' title='bbox 153 1443 320 1478; x_wconf 86' lang='lat' dir='ltr'>Frondes</span> <span class='ocrx_word' id='word_1_144' title='bbox 348 1446 435 1474; x_wconf 89' lang='lat' dir='ltr'>sunt</span> <span class='ocrx_word' id='word_1_145' title='bbox 461 1441 710 1480; x_wconf 76' lang='lat' dir='ltr'>dichotomae,</span> <span class='ocrx_word' id='word_1_146' title='bbox 738 1440 942 1483; x_wconf 79' lang='lat' dir='ltr'>segmentis</span> <span class='ocrx_word' id='word_1_147' title='bbox 969 1441 1095 1485; x_wconf 86' lang='lat' dir='ltr'>quoad</span> <span class='ocrx_word' id='word_1_148' title='bbox 1123 1441 1508 1485; x_wconf 81' lang='lat' dir='ltr'>circumscriptionem</span> <span class='ocrx_word' id='word_1_149' title='bbox 1529 1441 1686 1475; x_wconf 86' lang='lat' dir='ltr'>diversis</span> 
     </span>
     <span class='ocr_line' id='line_1_21' title="bbox 153 1499 1682 1548; baseline -0.001 -13"><span class='ocrx_word' id='word_1_150' title='bbox 153 1504 339 1548; x_wconf 69' lang='lat' dir='ltr'>plerisque</span> <span class='ocrx_word' id='word_1_151' title='bbox 366 1507 490 1534; x_wconf 84' lang='lat' dir='ltr'>tamen</span> <span class='ocrx_word' id='word_1_152' title='bbox 520 1500 625 1544; x_wconf 86' lang='lat' dir='ltr'>apice</span> <span class='ocrx_word' id='word_1_153' title='bbox 655 1499 810 1541; x_wconf 86' lang='lat' dir='ltr'>bilobis;</span> <span class='ocrx_word' id='word_1_154' title='bbox 845 1501 1030 1543; x_wconf 84' lang='lat' dir='ltr'>margines</span> <span class='ocrx_word' id='word_1_155' title='bbox 1058 1504 1145 1535; x_wconf 89' lang='lat' dir='ltr'>sunt</span> <span class='ocrx_word' id='word_1_156' title='bbox 1170 1500 1302 1544; x_wconf 80' lang='lat' dir='ltr'>integri</span> <span class='ocrx_word' id='word_1_157' title='bbox 1330 1512 1398 1535; x_wconf 89' lang='lat' dir='ltr'>nec</span> <span class='ocrx_word' id='word_1_158' title='bbox 1424 1500 1495 1535; x_wconf 90' lang='lat' dir='ltr'>nisi</span> <span class='ocrx_word' id='word_1_159' title='bbox 1521 1500 1567 1534; x_wconf 88' lang='lat' dir='ltr'>ad</span> <span class='ocrx_word' id='word_1_160' title='bbox 1596 1509 1682 1542; x_wconf 89' lang='lat' dir='ltr'>spe-</span> 
     </span>
     <span class='ocr_line' id='line_1_22' title="bbox 152 1559 1683 1607; baseline -0.003 -11"><span class='ocrx_word' id='word_1_161' title='bbox 152 1564 247 1597; x_wconf 79' lang='lat' dir='ltr'>ciem</span> <span class='ocrx_word' id='word_1_162' title='bbox 286 1567 438 1607; x_wconf 85' lang='lat' dir='ltr'>propter</span> <span class='ocrx_word' id='word_1_163' title='bbox 479 1571 616 1604; x_wconf 86' lang='lat' dir='ltr'>parvas</span> <span class='ocrx_word' id='word_1_164' title='bbox 656 1560 921 1594; x_wconf 83' lang='lat' dir='ltr'>undulationes</span> <span class='ocrx_word' id='word_1_165' title='bbox 959 1560 1194 1594; x_wconf 88' lang='lat' dir='ltr'>denticulati.</span> <span class='ocrx_word' id='word_1_166' title='bbox 1246 1561 1361 1595; x_wconf 89' lang='lat' dir='ltr'>Costa</span> <span class='ocrx_word' id='word_1_167' title='bbox 1400 1560 1520 1599; x_wconf 85' lang='lat' dir='ltr'>nulla,</span> <span class='ocrx_word' id='word_1_168' title='bbox 1557 1559 1683 1593; x_wconf 81' lang='lat' dir='ltr'>discus</span> 
     </span>
     <span class='ocr_line' id='line_1_23' title="bbox 154 1617 1681 1664; baseline -0.004 -7"><span class='ocrx_word' id='word_1_169' title='bbox 154 1625 298 1657; x_wconf 83' lang='lat' dir='ltr'>medius</span> <span class='ocrx_word' id='word_1_170' title='bbox 326 1620 467 1655; x_wconf 82' lang='lat' dir='ltr'>frondis</span> <span class='ocrx_word' id='word_1_171' title='bbox 495 1627 619 1654; x_wconf 83' lang='lat' dir='ltr'>autem</span> <span class='ocrx_word' id='word_1_172' title='bbox 647 1620 851 1654; x_wconf 89' lang='lat' dir='ltr'>secundum</span> <span class='ocrx_word' id='word_1_173' title='bbox 881 1620 1150 1664; x_wconf 86' lang='lat' dir='ltr'>longitudinem</span> <span class='ocrx_word' id='word_1_174' title='bbox 1184 1620 1329 1655; x_wconf 89' lang='lat' dir='ltr'>obsitus</span> <span class='ocrx_word' id='word_1_175' title='bbox 1362 1624 1418 1655; x_wconf 88' lang='lat' dir='ltr'>est</span> <span class='ocrx_word' id='word_1_176' title='bbox 1449 1619 1551 1653; x_wconf 83' lang='lat' dir='ltr'>fibris</span> <span class='ocrx_word' id='word_1_177' title='bbox 1578 1617 1681 1652; x_wconf 90' lang='lat' dir='ltr'>radi-</span> 
     </span>
     <span class='ocr_line' id='line_1_24' title="bbox 154 1677 1687 1724; baseline -0.003 -10"><span class='ocrx_word' id='word_1_178' title='bbox 154 1682 293 1715; x_wconf 75' lang='lat' dir='ltr'>culosis</span> <span class='ocrx_word' id='word_1_179' title='bbox 319 1680 490 1724; x_wconf 88' lang='lat' dir='ltr'>plurimis</span> <span class='ocrx_word' id='word_1_180' title='bbox 518 1679 669 1724; x_wconf 86' lang='lat' dir='ltr'>pallidis</span> <span class='ocrx_word' id='word_1_181' title='bbox 699 1680 768 1714; x_wconf 93' lang='lat' dir='ltr'>sub</span> <span class='ocrx_word' id='word_1_182' title='bbox 797 1680 1007 1724; x_wconf 86' lang='lat' dir='ltr'>perianthio</span> <span class='ocrx_word' id='word_1_183' title='bbox 1034 1679 1196 1715; x_wconf 86' lang='lat' dir='ltr'>maxime</span> <span class='ocrx_word' id='word_1_184' title='bbox 1223 1680 1423 1723; x_wconf 82' lang='lat' dir='ltr'>congestis.</span> <span class='ocrx_word' id='word_1_185' title='bbox 1463 1677 1687 1713; x_wconf 69' lang='lat' dir='ltr'>Involucrum</span> 
     </span>
     <span class='ocr_line' id='line_1_25' title="bbox 154 1739 1686 1784; baseline -0.004 -8"><span class='ocrx_word' id='word_1_186' title='bbox 154 1754 224 1776; x_wconf 88' lang='lat' dir='ltr'>non</span> <span class='ocrx_word' id='word_1_187' title='bbox 251 1742 346 1775; x_wconf 88' lang='lat' dir='ltr'>inter</span> <span class='ocrx_word' id='word_1_188' title='bbox 374 1740 478 1774; x_wconf 86' lang='lat' dir='ltr'>lobos</span> <span class='ocrx_word' id='word_1_189' title='bbox 506 1739 647 1773; x_wconf 86' lang='lat' dir='ltr'>frondis</span> <span class='ocrx_word' id='word_1_190' title='bbox 676 1740 743 1773; x_wconf 85' lang='lat' dir='ltr'>sed</span> <span class='ocrx_word' id='word_1_191' title='bbox 771 1750 816 1774; x_wconf 79' lang='lat' dir='ltr'>cx</span> <span class='ocrx_word' id='word_1_192' title='bbox 846 1739 1012 1773; x_wconf 88' lang='lat' dir='ltr'>eiusdem</span> <span class='ocrx_word' id='word_1_193' title='bbox 1041 1739 1180 1783; x_wconf 82' lang='lat' dir='ltr'>pagina</span> <span class='ocrx_word' id='word_1_194' title='bbox 1207 1739 1399 1784; x_wconf 84' lang='lat' dir='ltr'>superiore</span> <span class='ocrx_word' id='word_1_195' title='bbox 1425 1739 1553 1779; x_wconf 84' lang='lat' dir='ltr'>oritur,</span> <span class='ocrx_word' id='word_1_196' title='bbox 1579 1739 1686 1771; x_wconf 90' lang='lat' dir='ltr'>cuius</span> 
     </span>
     <span class='ocr_line' id='line_1_26' title="bbox 154 1798 1685 1839; baseline -0.002 -5"><span class='ocrx_word' id='word_1_197' title='bbox 154 1812 283 1835; x_wconf 82' lang='lat' dir='ltr'>revera</span> <span class='ocrx_word' id='word_1_198' title='bbox 316 1806 373 1833; x_wconf 80' lang='lat' dir='ltr'>cst</span> <span class='ocrx_word' id='word_1_199' title='bbox 405 1800 637 1834; x_wconf 85' lang='lat' dir='ltr'>continuatio</span> <span class='ocrx_word' id='word_1_200' title='bbox 677 1799 914 1839; x_wconf 82' lang='lat' dir='ltr'>immediata;</span> <span class='ocrx_word' id='word_1_201' title='bbox 959 1800 1091 1833; x_wconf 84' lang='lat' dir='ltr'>leniter</span> <span class='ocrx_word' id='word_1_202' title='bbox 1118 1804 1174 1834; x_wconf 84' lang='lat' dir='ltr'>est</span> <span class='ocrx_word' id='word_1_203' title='bbox 1201 1800 1415 1838; x_wconf 82' lang='lat' dir='ltr'>incurvum,</span> <span class='ocrx_word' id='word_1_204' title='bbox 1451 1798 1531 1832; x_wconf 84' lang='lat' dir='ltr'>basi</span> <span class='ocrx_word' id='word_1_205' title='bbox 1559 1798 1685 1837; x_wconf 87' lang='lat' dir='ltr'>latius,</span> 
     </span>
     <span class='ocr_line' id='line_1_27' title="bbox 154 1856 1687 1904; baseline -0.003 -10"><span class='ocrx_word' id='word_1_206' title='bbox 154 1861 260 1904; x_wconf 82' lang='lat' dir='ltr'>apice</span> <span class='ocrx_word' id='word_1_207' title='bbox 295 1871 357 1893; x_wconf 86' lang='lat' dir='ltr'>ore</span> <span class='ocrx_word' id='word_1_208' title='bbox 394 1866 550 1902; x_wconf 76' lang='lat' dir='ltr'>angusto</span> <span class='ocrx_word' id='word_1_209' title='bbox 588 1860 741 1893; x_wconf 84' lang='lat' dir='ltr'>dentato</span> <span class='ocrx_word' id='word_1_210' title='bbox 778 1866 970 1903; x_wconf 89' lang='lat' dir='ltr'>apertum,</span> <span class='ocrx_word' id='word_1_211' title='bbox 1007 1858 1238 1903; x_wconf 79' lang='lat' dir='ltr'>longitudine</span> <span class='ocrx_word' id='word_1_212' title='bbox 1272 1859 1418 1894; x_wconf 84' lang='lat' dir='ltr'>circiter</span> <span class='ocrx_word' id='word_1_213' title='bbox 1454 1860 1476 1901; x_wconf 54' lang='grc' dir='ltr'><strong>ὲ</strong></span> <span class='ocrx_word' id='word_1_214' title='bbox 1499 1856 1687 1904; x_wconf 74' lang='lat' dir='ltr'>peslmwuli</span> 
     </span>
     <span class='ocr_line' id='line_1_28' title="bbox 153 1916 1684 1964; baseline -0.003 -11"><span class='ocrx_word' id='word_1_215' title='bbox 153 1919 359 1964; x_wconf 63' lang='lat' dir='ltr'>cylindriei.</span> <span class='ocrx_word' id='word_1_216' title='bbox 412 1918 564 1964; x_wconf 74' lang='lat' dir='ltr'>Capsula</span> <span class='ocrx_word' id='word_1_217' title='bbox 592 1918 756 1959; x_wconf 86' lang='lat' dir='ltr'>linearis,</span> <span class='ocrx_word' id='word_1_218' title='bbox 784 1919 901 1952; x_wconf 82' lang='lat' dir='ltr'>altero</span> <span class='ocrx_word' id='word_1_219' title='bbox 930 1920 1044 1953; x_wconf 84' lang='lat' dir='ltr'>latere</span> <span class='ocrx_word' id='word_1_220' title='bbox 1059 1918 1265 1953; x_wconf 90' lang='lat' dir='ltr'>secundum</span> <span class='ocrx_word' id='word_1_221' title='bbox 1281 1923 1396 1953; x_wconf 86' lang='lat' dir='ltr'>totam</span> <span class='ocrx_word' id='word_1_222' title='bbox 1415 1916 1684 1961; x_wconf 80' lang='lat' dir='ltr'>longitudinem</span> 
     </span>
     <span class='ocr_line' id='line_1_29' title="bbox 153 1971 1685 2022; baseline -0.004 -9"><span class='ocrx_word' id='word_1_223' title='bbox 153 1979 350 2014; x_wconf 83' lang='lat' dir='ltr'>dehiscens</span> <span class='ocrx_word' id='word_1_224' title='bbox 377 1976 559 2021; x_wconf 85' lang='lat' dir='ltr'>apiceque</span> <span class='ocrx_word' id='word_1_225' title='bbox 585 1978 699 2011; x_wconf 89' lang='lat' dir='ltr'>etiam</span> <span class='ocrx_word' id='word_1_226' title='bbox 727 1977 830 2010; x_wconf 90' lang='lat' dir='ltr'>brevi</span> <span class='ocrx_word' id='word_1_227' title='bbox 858 1979 981 2022; x_wconf 88' lang='lat' dir='ltr'>spatio</span> <span class='ocrx_word' id='word_1_228' title='bbox 1009 1978 1046 2011; x_wconf 90' lang='lat' dir='ltr'>in</span> <span class='ocrx_word' id='word_1_229' title='bbox 1071 1978 1186 2012; x_wconf 83' lang='lat' dir='ltr'>latere</span> <span class='ocrx_word' id='word_1_230' title='bbox 1204 1971 1389 2022; x_wconf 87' lang='lat' dir='ltr'>opposito.</span> <span class='ocrx_word' id='word_1_231' title='bbox 1442 1977 1517 2011; x_wconf 88' lang='lat' dir='ltr'>Ubi</span> <span class='ocrx_word' id='word_1_232' title='bbox 1532 1976 1685 2019; x_wconf 89' lang='lat' dir='ltr'>capsula</span> 
     </span>
     <span class='ocr_line' id='line_1_30' title="bbox 154 2034 1684 2079; baseline -0.003 -8"><span class='ocrx_word' id='word_1_233' title='bbox 154 2044 300 2072; x_wconf 78' lang='lat' dir='ltr'>matura</span> <span class='ocrx_word' id='word_1_234' title='bbox 326 2037 558 2077; x_wconf 83' lang='lat' dir='ltr'>dehiscebat,</span> <span class='ocrx_word' id='word_1_235' title='bbox 586 2037 773 2079; x_wconf 84' lang='lat' dir='ltr'>margines</span> <span class='ocrx_word' id='word_1_236' title='bbox 802 2037 916 2070; x_wconf 86' lang='lat' dir='ltr'>rimae</span> <span class='ocrx_word' id='word_1_237' title='bbox 943 2037 1196 2071; x_wconf 73' lang='lat' dir='ltr'>reflectuntur.</span> <span class='ocrx_word' id='word_1_238' title='bbox 1248 2036 1437 2071; x_wconf 83' lang='lat' dir='ltr'>Columella</span> <span class='ocrx_word' id='word_1_239' title='bbox 1450 2034 1684 2076; x_wconf 83' lang='lat' dir='ltr'>tenuissima,</span> 
     </span>
     <span class='ocr_line' id='line_1_31' title="bbox 154 2096 1684 2142; baseline -0.005 -8"><span class='ocrx_word' id='word_1_240' title='bbox 154 2112 222 2134; x_wconf 88' lang='lat' dir='ltr'>nec</span> <span class='ocrx_word' id='word_1_241' title='bbox 257 2099 326 2133; x_wconf 82' lang='lat' dir='ltr'>nisi</span> <span class='ocrx_word' id='word_1_242' title='bbox 364 2109 434 2142; x_wconf 88' lang='lat' dir='ltr'>ope</span> <span class='ocrx_word' id='word_1_243' title='bbox 470 2098 580 2132; x_wconf 76' lang='lat' dir='ltr'>lentis</span> <span class='ocrx_word' id='word_1_244' title='bbox 606 2096 855 2132; x_wconf 82' lang='lat' dir='ltr'>observanda.</span> <span class='ocrx_word' id='word_1_245' title='bbox 909 2096 952 2129; x_wconf 91' lang='lat' dir='ltr'>In</span> <span class='ocrx_word' id='word_1_246' title='bbox 992 2102 1090 2129; x_wconf 79' lang='lat' dir='ltr'>statu</span> <span class='ocrx_word' id='word_1_247' title='bbox 1124 2096 1279 2130; x_wconf 91' lang='lat' dir='ltr'>iuvenili</span> <span class='ocrx_word' id='word_1_248' title='bbox 1314 2096 1458 2130; x_wconf 87' lang='lat' dir='ltr'>semina</span> <span class='ocrx_word' id='word_1_249' title='bbox 1491 2105 1565 2129; x_wconf 92' lang='lat' dir='ltr'>una</span> <span class='ocrx_word' id='word_1_250' title='bbox 1599 2104 1684 2128; x_wconf 90' lang='lat' dir='ltr'>cum</span> 
     </span>
     <span class='ocr_line' id='line_1_32' title="bbox 152 2155 1681 2201; baseline -0.004 -8"><span class='ocrx_word' id='word_1_251' title='bbox 152 2158 356 2193; x_wconf 78' lang='lat' dir='ltr'>elateribus</span> <span class='ocrx_word' id='word_1_252' title='bbox 392 2168 462 2201; x_wconf 87' lang='lat' dir='ltr'>ope</span> <span class='ocrx_word' id='word_1_253' title='bbox 500 2158 741 2192; x_wconf 86' lang='lat' dir='ltr'>membranae</span> <span class='ocrx_word' id='word_1_254' title='bbox 774 2156 1047 2200; x_wconf 78' lang='lat' dir='ltr'>transparentis</span> <span class='ocrx_word' id='word_1_255' title='bbox 1080 2156 1244 2200; x_wconf 90' lang='lat' dir='ltr'>pallidae</span> <span class='ocrx_word' id='word_1_256' title='bbox 1278 2156 1315 2189; x_wconf 90' lang='lat' dir='ltr'>in</span> <span class='ocrx_word' id='word_1_257' title='bbox 1342 2156 1549 2200; x_wconf 85' lang='lat' dir='ltr'>cylindrum</span> <span class='ocrx_word' id='word_1_258' title='bbox 1576 2155 1681 2188; x_wconf 91' lang='lat' dir='ltr'>colu-</span> 
     </span>
     <span class='ocr_line' id='line_1_33' title="bbox 153 2217 1685 2261; baseline -0.004 -9"><span class='ocrx_word' id='word_1_259' title='bbox 153 2219 301 2252; x_wconf 85' lang='lat' dir='ltr'>mellam</span> <span class='ocrx_word' id='word_1_260' title='bbox 326 2217 620 2251; x_wconf 83' lang='lat' dir='ltr'>circumdantem</span> <span class='ocrx_word' id='word_1_261' title='bbox 648 2218 943 2258; x_wconf 76' lang='lat' dir='ltr'>convolvuntur;</span> <span class='ocrx_word' id='word_1_262' title='bbox 969 2228 1067 2261; x_wconf 86' lang='lat' dir='ltr'>quae</span> <span class='ocrx_word' id='word_1_263' title='bbox 1094 2218 1310 2252; x_wconf 83' lang='lat' dir='ltr'>membrana</span> <span class='ocrx_word' id='word_1_264' title='bbox 1336 2217 1515 2259; x_wconf 89' lang='lat' dir='ltr'>deinceps</span> <span class='ocrx_word' id='word_1_265' title='bbox 1539 2217 1685 2247; x_wconf 86' lang='lat' dir='ltr'>maturo</span> 
     </span>
     <span class='ocr_line' id='line_1_34' title="bbox 153 2273 1685 2321; baseline -0.004 -10"><span class='ocrx_word' id='word_1_266' title='bbox 153 2280 275 2311; x_wconf 81' lang='lat' dir='ltr'>fructu</span> <span class='ocrx_word' id='word_1_267' title='bbox 317 2277 495 2321; x_wconf 87' lang='lat' dir='ltr'>disparet.</span> <span class='ocrx_word' id='word_1_268' title='bbox 559 2277 701 2311; x_wconf 61' lang='lat' dir='ltr'>Semina</span> <span class='ocrx_word' id='word_1_269' title='bbox 741 2288 960 2318; x_wconf 86' lang='lat' dir='ltr'>numerosa,</span> <span class='ocrx_word' id='word_1_270' title='bbox 1004 2276 1457 2320; x_wconf 83' lang='lat' dir='ltr'>angulato-rotundata;</span> <span class='ocrx_word' id='word_1_271' title='bbox 1509 2273 1685 2309; x_wconf 86' lang='lat' dir='ltr'>nonnulla</span> 
     </span>
     <span class='ocr_line' id='line_1_35' title="bbox 155 2332 1685 2382; baseline -0.003 -12"><span class='ocrx_word' id='word_1_272' title='bbox 155 2338 256 2371; x_wconf 85' lang='lat' dir='ltr'>brevi</span> <span class='ocrx_word' id='word_1_273' title='bbox 296 2342 475 2381; x_wconf 82' lang='lat' dir='ltr'>tanquam</span> <span class='ocrx_word' id='word_1_274' title='bbox 516 2337 644 2381; x_wconf 84' lang='lat' dir='ltr'>stipite</span> <span class='ocrx_word' id='word_1_275' title='bbox 686 2336 903 2382; x_wconf 86' lang='lat' dir='ltr'>(funiculo)</span> <span class='ocrx_word' id='word_1_276' title='bbox 949 2336 1026 2370; x_wconf 84' lang='lat' dir='ltr'>vidi</span> <span class='ocrx_word' id='word_1_277' title='bbox 1067 2336 1230 2371; x_wconf 87' lang='lat' dir='ltr'>sublata.</span> <span class='ocrx_word' id='word_1_278' title='bbox 1306 2333 1475 2370; x_wconf 77' lang='lat' dir='ltr'>Funiculi</span> <span class='ocrx_word' id='word_1_279' title='bbox 1522 2332 1685 2366; x_wconf 88' lang='lat' dir='ltr'>maxime</span> 
     </span>
     <span class='ocr_line' id='line_1_36' title="bbox 153 2395 1686 2442; baseline -0.003 -12"><span class='ocrx_word' id='word_1_280' title='bbox 153 2396 332 2437; x_wconf 82' lang='lat' dir='ltr'>flexuosi,</span> <span class='ocrx_word' id='word_1_281' title='bbox 364 2396 458 2430; x_wconf 88' lang='lat' dir='ltr'>fibra</span> <span class='ocrx_word' id='word_1_282' title='bbox 492 2396 622 2440; x_wconf 89' lang='lat' dir='ltr'>spirali</span> <span class='ocrx_word' id='word_1_283' title='bbox 657 2395 800 2440; x_wconf 88' lang='lat' dir='ltr'>duplici</span> <span class='ocrx_word' id='word_1_284' title='bbox 836 2396 915 2440; x_wconf 70' lang='grc' dir='ltr'>(ἲ).</span> <span class='ocrx_word' id='word_1_285' title='bbox 969 2395 1140 2442; x_wconf 75' lang='lat' dir='ltr'>Calyptra</span> <span class='ocrx_word' id='word_1_286' title='bbox 1173 2396 1270 2430; x_wconf 87' lang='lat' dir='ltr'>intra</span> <span class='ocrx_word' id='word_1_287' title='bbox 1306 2395 1539 2430; x_wconf 88' lang='lat' dir='ltr'>involucrum</span> <span class='ocrx_word' id='word_1_288' title='bbox 1571 2397 1686 2427; x_wconf 86' lang='lat' dir='ltr'>restat</span> 
     </span>
     <span class='ocr_line' id='line_1_37' title="bbox 153 2451 1685 2501; baseline -0.005 -10"><span class='ocrx_word' id='word_1_289' title='bbox 153 2455 354 2500; x_wconf 86' lang='lat' dir='ltr'>pedunculi</span> <span class='ocrx_word' id='word_1_290' title='bbox 376 2455 483 2490; x_wconf 88' lang='lat' dir='ltr'>basin</span> <span class='ocrx_word' id='word_1_291' title='bbox 502 2457 656 2499; x_wconf 84' lang='lat' dir='ltr'>cingens</span> <span class='ocrx_word' id='word_1_292' title='bbox 674 2457 729 2501; x_wconf 70' lang='grc' dir='ltr'>(ἲ),</span> <span class='ocrx_word' id='word_1_293' title='bbox 756 2455 997 2500; x_wconf 86' lang='lat' dir='ltr'>subglobosa,</span> <span class='ocrx_word' id='word_1_294' title='bbox 1025 2466 1197 2497; x_wconf 88' lang='lat' dir='ltr'>carnosa,</span> <span class='ocrx_word' id='word_1_295' title='bbox 1224 2456 1362 2490; x_wconf 87' lang='lat' dir='ltr'>albida.</span> <span class='ocrx_word' id='word_1_296' title='bbox 1411 2453 1564 2496; x_wconf 86' lang='lat' dir='ltr'>(Taylor</span> <span class='ocrx_word' id='word_1_297' title='bbox 1591 2451 1612 2484; x_wconf 96' lang='lat' dir='ltr'>l.</span> <span class='ocrx_word' id='word_1_298' title='bbox 1636 2452 1685 2493; x_wconf 89' lang='lat' dir='ltr'>c.)</span> 
     </span>
    </p>
   </div>
   <div class='ocr_carea' id='block_1_5' title="bbox 400 2535 1439 2583">
    <p class='ocr_par' dir='ltr' id='par_1_8' title="bbox 400 2535 1439 2583">
     <span class='ocr_line' id='line_1_38' title="bbox 400 2535 1439 2583; baseline -0.003 -12"><span class='ocrx_word' id='word_1_299' title='bbox 400 2539 435 2571; x_wconf 90' lang='lat'>3.</span> <span class='ocrx_word' id='word_1_300' title='bbox 487 2537 856 2573; x_wconf 65' lang='lat' dir='ltr'>Denda-aceras</span> <span class='ocrx_word' id='word_1_301' title='bbox 882 2538 1265 2583; x_wconf 65' lang='lat' dir='ltr'>adglutinatam</span> <span class='ocrx_word' id='word_1_302' title='bbox 1291 2535 1439 2579; x_wconf 77' lang='lat' dir='ltr'>Taylor.</span> 
     </span>
    </p>
   </div>
   <div class='ocr_carea' id='block_1_6' title="bbox 152 2605 1692 3013">
    <p class='ocr_par' dir='ltr' id='par_1_9' title="bbox 152 2605 1685 2774">
     <span class='ocr_line' id='line_1_39' title="bbox 249 2605 1685 2654; baseline -0.003 -13"><span class='ocrx_word' id='word_1_303' title='bbox 249 2608 300 2643; x_wconf 92' lang='lat' dir='ltr'>D.</span> <span class='ocrx_word' id='word_1_304' title='bbox 330 2608 525 2654; x_wconf 76' lang='lat' dir='ltr'>peclmwulo</span> <span class='ocrx_word' id='word_1_305' title='bbox 558 2616 708 2650; x_wconf 74' lang='lat' dir='ltr'>exserto,</span> <span class='ocrx_word' id='word_1_306' title='bbox 743 2608 878 2654; x_wconf 75' lang='lat' dir='ltr'>fmnde</span> <span class='ocrx_word' id='word_1_307' title='bbox 909 2608 1060 2654; x_wconf 71' lang='lat' dir='ltr'>implexa</span> <span class='ocrx_word' id='word_1_308' title='bbox 1098 2608 1223 2642; x_wconf 74' lang='lat' dir='ltr'>lineari</span> <span class='ocrx_word' id='word_1_309' title='bbox 1260 2606 1458 2641; x_wconf 76' lang='lat' dir='ltr'>tenuissima</span> <span class='ocrx_word' id='word_1_310' title='bbox 1494 2605 1685 2640; x_wconf 75' lang='lat' dir='ltr'>dichotoma</span> 
     </span>
     <span class='ocr_line' id='line_1_40' title="bbox 152 2665 1684 2714; baseline -0.001 -13"><span class='ocrx_word' id='word_1_311' title='bbox 152 2668 311 2702; x_wconf 78' lang='lat' dir='ltr'>uninervi</span> <span class='ocrx_word' id='word_1_312' title='bbox 331 2674 512 2714; x_wconf 76' lang='lat' dir='ltr'>prostrata</span> <span class='ocrx_word' id='word_1_313' title='bbox 541 2668 626 2702; x_wconf 77' lang='lat' dir='ltr'>[obis</span> <span class='ocrx_word' id='word_1_314' title='bbox 649 2670 905 2713; x_wconf 65' lang='lat' dir='ltr'>inteqerrimis,</span> <span class='ocrx_word' id='word_1_315' title='bbox 940 2668 1115 2703; x_wconf 79' lang='lat' dir='ltr'>involucro</span> <span class='ocrx_word' id='word_1_316' title='bbox 1140 2667 1296 2712; x_wconf 69' lang='lat' dir='ltr'>elonyato</span> <span class='ocrx_word' id='word_1_317' title='bbox 1322 2667 1451 2701; x_wconf 76' lang='lat' dir='ltr'>lineari</span> <span class='ocrx_word' id='word_1_318' title='bbox 1475 2667 1571 2713; x_wconf 78' lang='lat' dir='ltr'>apice</span> <span class='ocrx_word' id='word_1_319' title='bbox 1598 2665 1684 2700; x_wconf 83' lang='lat' dir='ltr'>bila-</span> 
     </span>
     <span class='ocr_line' id='line_1_41' title="bbox 154 2726 918 2774; baseline 0.003 -14"><span class='ocrx_word' id='word_1_320' title='bbox 154 2726 256 2768; x_wconf 79' lang='lat' dir='ltr'>biato,</span> <span class='ocrx_word' id='word_1_321' title='bbox 284 2728 425 2774; x_wconf 77' lang='lat' dir='ltr'>capsula</span> <span class='ocrx_word' id='word_1_322' title='bbox 450 2729 545 2773; x_wconf 73' lang='lat' dir='ltr'>apice</span> <span class='ocrx_word' id='word_1_323' title='bbox 569 2727 746 2774; x_wconf 74' lang='lat' dir='ltr'>apiculam</span> <span class='ocrx_word' id='word_1_324' title='bbox 769 2729 918 2773; x_wconf 71' lang='lat' dir='ltr'>inteqra.</span> 
     </span>
    </p>

    <p class='ocr_par' dir='ltr' id='par_1_10' title="bbox 345 2784 1692 2894">
     <span class='ocr_line' id='line_1_42' title="bbox 345 2784 1692 2834; baseline -0.001 -14"><span class='ocrx_word' id='word_1_325' title='bbox 345 2789 527 2821; x_wconf 82' lang='lat' dir='ltr'>Monoclea</span> <span class='ocrx_word' id='word_1_326' title='bbox 564 2789 773 2832; x_wconf 80' lang='lat' dir='ltr'>adglutinata</span> <span class='ocrx_word' id='word_1_327' title='bbox 812 2787 946 2833; x_wconf 73' lang='lat' dir='ltr'>Taylor</span> <span class='ocrx_word' id='word_1_328' title='bbox 980 2788 1071 2834; x_wconf 80' lang='lat' dir='ltr'>Hep.</span> <span class='ocrx_word' id='word_1_329' title='bbox 1100 2793 1250 2821; x_wconf 77' lang='lat' dir='ltr'>amaret.</span> <span class='ocrx_word' id='word_1_330' title='bbox 1286 2788 1322 2820; x_wconf 79' lang='lat' dir='ltr'>in</span> <span class='ocrx_word' id='word_1_331' title='bbox 1356 2786 1467 2820; x_wconf 76' lang='lat' dir='ltr'>Lmzcl.</span> <span class='ocrx_word' id='word_1_332' title='bbox 1494 2785 1622 2819; x_wconf 79' lang='lat' dir='ltr'>Journ.</span> <span class='ocrx_word' id='word_1_333' title='bbox 1648 2784 1692 2829; x_wconf 88' lang='lat' dir='ltr'>⁰f</span> 
     </span>
     <span class='ocr_line' id='line_1_43' title="bbox 431 2846 922 2894; baseline -0.002 -13"><span class='ocrx_word' id='word_1_334' title='bbox 431 2846 497 2881; x_wconf 79' lang='lat' dir='ltr'>bot.</span> <span class='ocrx_word' id='word_1_335' title='bbox 530 2850 629 2882; x_wconf 81' lang='lat'>1845.</span> <span class='ocrx_word' id='word_1_336' title='bbox 653 2860 690 2894; x_wconf 81' lang='lat' dir='ltr'>p.</span> <span class='ocrx_word' id='word_1_337' title='bbox 717 2850 776 2882; x_wconf 86' lang='lat'>96.</span> <span class='ocrx_word' id='word_1_338' title='bbox 802 2860 837 2882; x_wconf 82' lang='lat' dir='ltr'>n.</span> <span class='ocrx_word' id='word_1_339' title='bbox 863 2850 922 2881; x_wconf 86' lang='lat'>37.</span> 
     </span>
    </p>

    <p class='ocr_par' dir='ltr' id='par_1_11' title="bbox 250 2904 1683 2951">
     <span class='ocr_line' id='line_1_44' title="bbox 250 2904 1683 2951; baseline -0.003 -11"><span class='ocrx_word' id='word_1_340' title='bbox 250 2907 307 2940; x_wconf 78' lang='lat' dir='ltr'>Ad</span> <span class='ocrx_word' id='word_1_341' title='bbox 344 2911 496 2942; x_wconf 82' lang='lat' dir='ltr'>truncos</span> <span class='ocrx_word' id='word_1_342' title='bbox 532 2909 704 2941; x_wconf 80' lang='lat' dir='ltr'>arbmum</span> <span class='ocrx_word' id='word_1_343' title='bbox 744 2908 780 2941; x_wconf 91' lang='lat' dir='ltr'>in</span> <span class='ocrx_word' id='word_1_344' title='bbox 821 2906 1014 2951; x_wconf 86' lang='lat' dir='ltr'>„Diana&#39;s</span> <span class='ocrx_word' id='word_1_345' title='bbox 1051 2906 1187 2940; x_wconf 86' lang='lat' dir='ltr'>Peak“</span> <span class='ocrx_word' id='word_1_346' title='bbox 1224 2905 1377 2939; x_wconf 77' lang='lat' dir='ltr'>Insulae</span> <span class='ocrx_word' id='word_1_347' title='bbox 1418 2904 1472 2938; x_wconf 85' lang='lat' dir='ltr'>St.</span> <span class='ocrx_word' id='word_1_348' title='bbox 1513 2904 1683 2938; x_wconf 87' lang='lat' dir='ltr'>Helenae</span> 
     </span>
    </p>

    <p class='ocr_par' dir='ltr' id='par_1_12' title="bbox 154 2965 717 3013">
     <span class='ocr_line' id='line_1_45' title="bbox 154 2965 717 3013; baseline 0.009 -17"><span class='ocrx_word' id='word_1_349' title='bbox 154 2965 216 2997; x_wconf 90' lang='lat' dir='ltr'>alt.</span> <span class='ocrx_word' id='word_1_350' title='bbox 243 2969 371 2999; x_wconf 66' lang='lat'>2000‘.</span> <span class='ocrx_word' id='word_1_351' title='bbox 423 2967 596 3010; x_wconf 77' lang='lat' dir='ltr'>(Hooker</span> <span class='ocrx_word' id='word_1_352' title='bbox 616 2969 717 3013; x_wconf 85' lang='lat' dir='ltr'>jun.)</span> 
     </span>
    </p>
   </div>
  </div>
 </body>
</html>
