<?xml version="1.0" encoding="UTF-8"?>
<!DOCTYPE html PUBLIC "-//W3C//DTD XHTML 1.0 Transitional//EN"
    "http://www.w3.org/TR/xhtml1/DTD/xhtml1-transitional.dtd">
<html xmlns="http://www.w3.org/1999/xhtml" xml:lang="en" lang="en">
 <head>
  <title>
</title>
<meta http-equiv="Content-Type" content="text/html;charset=utf-8" />
  <meta name='ocr-system' content='tesseract 3.04.00' />
  <meta name='ocr-capabilities' content='ocr_page ocr_carea ocr_par ocr_line ocrx_word'/>
</head>
<body>
  <div class='ocr_page' id='page_1' title='image "./synopsishepatica00gott_0501.png"; bbox 0 0 1824 3252; ppageno 0'>
   <div class='ocr_carea' id='block_1_1' title="bbox 705 197 1607 233">
    <p class='ocr_par' dir='ltr' id='par_1_1' title="bbox 705 197 1607 233">
     <span class='ocr_line' id='line_1_1' title="bbox 705 197 1607 233; baseline -0.006 1"><span class='ocrx_word' id='word_1_1' title='bbox 705 197 1000 233; x_wconf 83' lang='lat' dir='ltr'>Fossombronia.</span> <span class='ocrx_word' id='word_1_2' title='bbox 1540 200 1607 230; x_wconf 68' lang='lat'>467</span> 
     </span>
    </p>
   </div>
   <div class='ocr_carea' id='block_1_2' title="bbox 350 309 1356 365">
    <p class='ocr_par' dir='ltr' id='par_1_2' title="bbox 350 309 1356 365">
     <span class='ocr_line' id='line_1_2' title="bbox 350 309 1356 365; baseline -0.003 -11"><span class='ocrx_word' id='word_1_3' title='bbox 350 309 803 365; x_wconf 65' lang='lat' dir='ltr'>Hemicycflum</span> <span class='ocrx_word' id='word_1_4' title='bbox 834 313 919 355; x_wconf 80' lang='lat' dir='ltr'>II.</span> <span class='ocrx_word' id='word_1_5' title='bbox 980 309 1356 355; x_wconf 73' lang='lat' dir='ltr'>Frondvsae.</span> 
     </span>
    </p>
   </div>
   <div class='ocr_carea' id='block_1_3' title="bbox 96 388 1612 493">
    <p class='ocr_par' dir='ltr' id='par_1_3' title="bbox 96 388 1612 493">
     <span class='ocr_line' id='line_1_3' title="bbox 96 388 1612 435; baseline -0.004 -8"><span class='ocrx_word' id='word_1_6' title='bbox 96 394 206 427; x_wconf 65' lang='lat' dir='ltr'>Foliis</span> <span class='ocrx_word' id='word_1_7' title='bbox 238 406 312 425; x_wconf 68' lang='lat' dir='ltr'>vum</span> <span class='ocrx_word' id='word_1_8' title='bbox 339 391 435 425; x_wconf 70' lang='lat' dir='ltr'>caule</span> <span class='ocrx_word' id='word_1_9' title='bbox 469 392 502 423; x_wconf 74' lang='lat' dir='ltr'>in</span> <span class='ocrx_word' id='word_1_10' title='bbox 536 389 749 435; x_wconf 65' lang='lat' dir='ltr'>pltyllodium</span> <span class='ocrx_word' id='word_1_11' title='bbox 783 390 991 435; x_wconf 74' lang='lat' dir='ltr'>(frondem)</span> <span class='ocrx_word' id='word_1_12' title='bbox 1025 390 1268 435; x_wconf 65' lang='lat' dir='ltr'>confluentibus</span> <span class='ocrx_word' id='word_1_13' title='bbox 1303 388 1395 429; x_wconf 73' lang='lat' dir='ltr'>(salo</span> <span class='ocrx_word' id='word_1_14' title='bbox 1431 392 1464 423; x_wconf 77' lang='lat' dir='ltr'>in</span> <span class='ocrx_word' id='word_1_15' title='bbox 1490 403 1612 434; x_wconf 58' lang='lat' dir='ltr'>(senem</span> 
     </span>
     <span class='ocr_line' id='line_1_4' title="bbox 612 448 1103 493; baseline 0.004 -13"><span class='ocrx_word' id='word_1_16' title='bbox 612 448 869 482; x_wconf 71' lang='lat' dir='ltr'>Fossomhroniu</span> <span class='ocrx_word' id='word_1_17' title='bbox 896 450 1103 493; x_wconf 71' lang='lat' dir='ltr'>distinctis).</span> 
     </span>
    </p>
   </div>
   <div class='ocr_carea' id='block_1_4' title="bbox 653 542 1097 596">
    <p class='ocr_par' dir='ltr' id='par_1_4' title="bbox 653 542 1097 596">
     <span class='ocr_line' id='line_1_5' title="bbox 653 542 1097 596; baseline 0 -1"><span class='ocrx_word' id='word_1_18' title='bbox 653 542 963 596; x_wconf 84' lang='lat' dir='ltr'>Subtribus</span> <span class='ocrx_word' id='word_1_19' title='bbox 1012 547 1055 595; x_wconf 90' lang='grc'>1.</span> <span class='ocrx_word' id='word_1_20' title='bbox 1089 578 1097 586; x_wconf 92' lang='lat'><strong>·</strong></span> 
     </span>
    </p>
   </div>
   <div class='ocr_carea' id='block_1_5' title="bbox 600 639 1100 694">
    <p class='ocr_par' dir='ltr' id='par_1_5' title="bbox 600 639 1100 694">
     <span class='ocr_line' id='line_1_6' title="bbox 600 639 1100 694; baseline 0 -1"><span class='ocrx_word' id='word_1_21' title='bbox 600 639 1100 694; x_wconf 68' lang='lat' dir='ltr'>codonieae.</span> 
     </span>
    </p>
   </div>
   <div class='ocr_carea' id='block_1_6' title="bbox 98 731 1610 858">
    <p class='ocr_par' dir='ltr' id='par_1_6' title="bbox 98 731 1610 858">
     <span class='ocr_line' id='line_1_7' title="bbox 212 731 1610 787; baseline -0.001 -13"><span class='ocrx_word' id='word_1_22' title='bbox 212 735 416 774; x_wconf 81' lang='lat' dir='ltr'>Dumort.</span> <span class='ocrx_word' id='word_1_23' title='bbox 457 731 566 787; x_wconf 75' lang='lat' dir='ltr'><em>Syll.</em></span> <span class='ocrx_word' id='word_1_24' title='bbox 607 731 827 786; x_wconf 70' lang='lat' dir='ltr'>Junqerm.</span> <span class='ocrx_word' id='word_1_25' title='bbox 862 746 910 785; x_wconf 79' lang='lat' dir='ltr'>p.</span> <span class='ocrx_word' id='word_1_26' title='bbox 943 731 1011 772; x_wconf 75' lang='grc'>29.</span> <span class='ocrx_word' id='word_1_27' title='bbox 1090 731 1146 770; x_wconf 91' lang='grc' dir='ltr'>Ν.</span> <span class='ocrx_word' id='word_1_28' title='bbox 1181 731 1232 770; x_wconf 81' lang='lat' dir='ltr'>ab</span> <span class='ocrx_word' id='word_1_29' title='bbox 1266 731 1319 771; x_wconf 82' lang='lat' dir='ltr'>E.</span> <span class='ocrx_word' id='word_1_30' title='bbox 1356 732 1465 785; x_wconf 71' lang='lat' dir='ltr'>Hel).</span> <span class='ocrx_word' id='word_1_31' title='bbox 1503 733 1610 772; x_wconf 75' lang='lat' dir='ltr'>Eur.</span> 
     </span>
     <span class='ocr_line' id='line_1_8' title="bbox 98 799 1610 858; baseline -0.003 -14"><span class='ocrx_word' id='word_1_32' title='bbox 98 803 188 844; x_wconf 92' lang='lat' dir='ltr'>III.</span> <span class='ocrx_word' id='word_1_33' title='bbox 215 819 263 858; x_wconf 78' lang='lat' dir='ltr'>p.</span> <span class='ocrx_word' id='word_1_34' title='bbox 294 802 393 843; x_wconf 82' lang='lat'><strong>315.</strong></span> <span class='ocrx_word' id='word_1_35' title='bbox 428 799 512 840; x_wconf 87' lang='lat' dir='ltr'>IV.</span> <span class='ocrx_word' id='word_1_36' title='bbox 538 815 587 854; x_wconf 76' lang='lat' dir='ltr'>p.</span> <span class='ocrx_word' id='word_1_37' title='bbox 620 800 690 840; x_wconf 83' lang='grc'>61.</span> <span class='ocrx_word' id='word_1_38' title='bbox 755 800 991 840; x_wconf 73' lang='lat' dir='ltr'>Endliclzer</span> <span class='ocrx_word' id='word_1_39' title='bbox 1017 801 1132 841; x_wconf 77' lang='lat' dir='ltr'>Gen.</span> <span class='ocrx_word' id='word_1_40' title='bbox 1161 815 1206 854; x_wconf 78' lang='lat' dir='ltr'>p.</span> <span class='ocrx_word' id='word_1_41' title='bbox 1240 800 1366 841; x_wconf 80' lang='grc'><strong>1339.</strong></span> <span class='ocrx_word' id='word_1_42' title='bbox 1427 799 1610 854; x_wconf 68' lang='lat' dir='ltr'>szyer·</span> 
     </span>
    </p>
   </div>
   <div class='ocr_carea' id='block_1_7' title="bbox 96 873 620 924">
    <p class='ocr_par' dir='ltr' id='par_1_7' title="bbox 96 873 620 924">
     <span class='ocr_line' id='line_1_9' title="bbox 96 873 620 924; baseline -0.008 -13"><span class='ocrx_word' id='word_1_43' title='bbox 96 873 290 913; x_wconf 79' lang='lat' dir='ltr'>manniae</span> <span class='ocrx_word' id='word_1_44' title='bbox 320 884 453 924; x_wconf 80' lang='lat' dir='ltr'>specc.</span> <span class='ocrx_word' id='word_1_45' title='bbox 487 875 620 908; x_wconf 71' lang='lat' dir='ltr'>auctet.</span> 
     </span>
    </p>
   </div>
   <div class='ocr_carea' id='block_1_8' title="bbox 96 948 1610 1197">
    <p class='ocr_par' dir='ltr' id='par_1_8' title="bbox 96 948 1610 1197">
     <span class='ocr_line' id='line_1_10' title="bbox 211 948 1609 998; baseline -0.001 -8"><span class='ocrx_word' id='word_1_46' title='bbox 211 950 402 990; x_wconf 85' lang='lat' dir='ltr'>Frondes</span> <span class='ocrx_word' id='word_1_47' title='bbox 436 948 501 989; x_wconf 87' lang='lat' dir='ltr'>vel</span> <span class='ocrx_word' id='word_1_48' title='bbox 533 948 710 988; x_wconf 81' lang='lat' dir='ltr'>foliosae</span> <span class='ocrx_word' id='word_1_49' title='bbox 743 949 832 988; x_wconf 89' lang='lat' dir='ltr'>sive</span> <span class='ocrx_word' id='word_1_50' title='bbox 865 949 916 988; x_wconf 85' lang='lat' dir='ltr'>ad</span> <span class='ocrx_word' id='word_1_51' title='bbox 957 955 1140 998; x_wconf 88' lang='lat' dir='ltr'>costam,</span> <span class='ocrx_word' id='word_1_52' title='bbox 1184 951 1264 989; x_wconf 85' lang='lat' dir='ltr'>iam</span> <span class='ocrx_word' id='word_1_53' title='bbox 1304 949 1435 989; x_wconf 85' lang='lat' dir='ltr'>caulis</span> <span class='ocrx_word' id='word_1_54' title='bbox 1467 949 1609 989; x_wconf 85' lang='lat' dir='ltr'>dicen-</span> 
     </span>
     <span class='ocr_line' id='line_1_11' title="bbox 96 1017 1610 1072; baseline 0.001 -14"><span class='ocrx_word' id='word_1_55' title='bbox 96 1019 211 1065; x_wconf 89' lang='lat' dir='ltr'>dam,</span> <span class='ocrx_word' id='word_1_56' title='bbox 262 1019 303 1058; x_wconf 91' lang='lat' dir='ltr'>in</span> <span class='ocrx_word' id='word_1_57' title='bbox 350 1018 525 1058; x_wconf 81' lang='lat' dir='ltr'>lacinias</span> <span class='ocrx_word' id='word_1_58' title='bbox 577 1017 824 1057; x_wconf 88' lang='lat' dir='ltr'>foliiformes</span> <span class='ocrx_word' id='word_1_59' title='bbox 872 1019 1079 1072; x_wconf 87' lang='lat' dir='ltr'>pinnatim</span> <span class='ocrx_word' id='word_1_60' title='bbox 1122 1019 1328 1072; x_wconf 81' lang='lat' dir='ltr'>partitae,</span> <span class='ocrx_word' id='word_1_61' title='bbox 1390 1018 1480 1070; x_wconf 91' lang='lat' dir='ltr'>vel,</span> <span class='ocrx_word' id='word_1_62' title='bbox 1541 1021 1610 1060; x_wconf 82' lang='lat' dir='ltr'>ubi</span> 
     </span>
     <span class='ocr_line' id='line_1_12' title="bbox 96 1087 1610 1143; baseline 0.002 -16"><span class='ocrx_word' id='word_1_63' title='bbox 96 1088 203 1127; x_wconf 87' lang='lat' dir='ltr'>haud</span> <span class='ocrx_word' id='word_1_64' title='bbox 252 1088 458 1141; x_wconf 85' lang='lat' dir='ltr'>pinnatim</span> <span class='ocrx_word' id='word_1_65' title='bbox 506 1087 670 1127; x_wconf 84' lang='lat' dir='ltr'>divisae</span> <span class='ocrx_word' id='word_1_66' title='bbox 704 1092 823 1133; x_wconf 86' lang='lat' dir='ltr'>sunt,</span> <span class='ocrx_word' id='word_1_67' title='bbox 876 1088 916 1126; x_wconf 89' lang='lat' dir='ltr'>in</span> <span class='ocrx_word' id='word_1_68' title='bbox 959 1088 1114 1141; x_wconf 82' lang='lat' dir='ltr'>pagina</span> <span class='ocrx_word' id='word_1_69' title='bbox 1156 1089 1373 1142; x_wconf 82' lang='lat' dir='ltr'>superiore</span> <span class='ocrx_word' id='word_1_70' title='bbox 1406 1090 1610 1143; x_wconf 84' lang='lat' dir='ltr'>pinnatim</span> 
     </span>
     <span class='ocr_line' id='line_1_13' title="bbox 96 1156 345 1197; baseline 0.004 -2"><span class='ocrx_word' id='word_1_71' title='bbox 96 1156 345 1197; x_wconf 85' lang='lat' dir='ltr'>lamellatae.</span> 
     </span>
    </p>
   </div>
   <div class='ocr_carea' id='block_1_9' title="bbox 326 1244 1386 1289">
    <p class='ocr_par' dir='ltr' id='par_1_9' title="bbox 326 1244 1386 1289">
     <span class='ocr_line' id='line_1_14' title="bbox 326 1244 1386 1289; baseline 0 -3"><span class='ocrx_word' id='word_1_72' title='bbox 326 1245 632 1286; x_wconf 82' lang='lat' dir='ltr'>XXXVIII.</span> <span class='ocrx_word' id='word_1_73' title='bbox 696 1244 1195 1289; x_wconf 75' lang='lat' dir='ltr'>Fossolnbronia</span> <span class='ocrx_word' id='word_1_74' title='bbox 1227 1246 1386 1286; x_wconf 82' lang='lat' dir='ltr'>Raddi.</span> 
     </span>
    </p>
   </div>
   <div class='ocr_carea' id='block_1_10' title="bbox 94 1315 1611 1549">
    <p class='ocr_par' dir='ltr' id='par_1_10' title="bbox 94 1315 1611 1549">
     <span class='ocr_line' id='line_1_15' title="bbox 94 1315 1610 1373; baseline 0.002 -14"><span class='ocrx_word' id='word_1_75' title='bbox 94 1328 419 1372; x_wconf 56' lang='grc' dir='ltr'><strong>1101981771(ιήηἱοῃν.</strong></span> <span class='ocrx_word' id='word_1_76' title='bbox 456 1327 538 1360; x_wconf 76' lang='lat' dir='ltr'>Etr.</span> <span class='ocrx_word' id='word_1_77' title='bbox 566 1327 602 1359; x_wconf 84' lang='lat' dir='ltr'>in</span> <span class='ocrx_word' id='word_1_78' title='bbox 631 1326 712 1359; x_wconf 78' lang='lat' dir='ltr'>Act.</span> <span class='ocrx_word' id='word_1_79' title='bbox 742 1324 882 1358; x_wconf 79' lang='lat' dir='ltr'>Moclen.</span> <span class='ocrx_word' id='word_1_80' title='bbox 910 1315 1076 1358; x_wconf 38' lang='lat' dir='ltr'>*XVlIL</span> <span class='ocrx_word' id='word_1_81' title='bbox 1097 1337 1135 1370; x_wconf 79' lang='lat' dir='ltr'>p.</span> <span class='ocrx_word' id='word_1_82' title='bbox 1163 1329 1221 1360; x_wconf 79' lang='lat'>40.</span> <span class='ocrx_word' id='word_1_83' title='bbox 1247 1326 1319 1369; x_wconf 83' lang='lat' dir='ltr'>(ed.</span> <span class='ocrx_word' id='word_1_84' title='bbox 1349 1327 1464 1361; x_wconf 57' lang='lat' dir='ltr'>Rome.</span> <span class='ocrx_word' id='word_1_85' title='bbox 1488 1342 1525 1373; x_wconf 76' lang='lat' dir='ltr'>p.</span> <span class='ocrx_word' id='word_1_86' title='bbox 1559 1333 1610 1363; x_wconf 78' lang='lat'>17.</span> 
     </span>
     <span class='ocr_line' id='line_1_16' title="bbox 96 1384 1610 1431; baseline 0.003 -13"><span class='ocrx_word' id='word_1_87' title='bbox 96 1392 120 1419; x_wconf 80' lang='lat' dir='ltr'>t.</span> <span class='ocrx_word' id='word_1_88' title='bbox 148 1386 236 1430; x_wconf 82' lang='lat' dir='ltr'>5.f.</span> <span class='ocrx_word' id='word_1_89' title='bbox 264 1389 286 1419; x_wconf 87' lang='lat'>4</span> <span class='ocrx_word' id='word_1_90' title='bbox 311 1392 342 1418; x_wconf 86' lang='lat' dir='ltr'>et</span> <span class='ocrx_word' id='word_1_91' title='bbox 367 1388 425 1430; x_wconf 73' lang='grc' dir='ltr'>ὁ).</span> <span class='ocrx_word' id='word_1_92' title='bbox 479 1386 525 1418; x_wconf 77' lang='lat' dir='ltr'>N.</span> <span class='ocrx_word' id='word_1_93' title='bbox 554 1385 594 1418; x_wconf 83' lang='lat' dir='ltr'>ab</span> <span class='ocrx_word' id='word_1_94' title='bbox 623 1385 667 1418; x_wconf 88' lang='grc' dir='ltr'>Ε.</span> <span class='ocrx_word' id='word_1_95' title='bbox 697 1384 789 1429; x_wconf 77' lang='lat' dir='ltr'>Hep.</span> <span class='ocrx_word' id='word_1_96' title='bbox 815 1384 907 1418; x_wconf 78' lang='lat' dir='ltr'>Eur.</span> <span class='ocrx_word' id='word_1_97' title='bbox 936 1384 1009 1417; x_wconf 85' lang='lat' dir='ltr'>III.</span> <span class='ocrx_word' id='word_1_98' title='bbox 1031 1396 1069 1428; x_wconf 82' lang='lat' dir='ltr'>p.</span> <span class='ocrx_word' id='word_1_99' title='bbox 1096 1387 1179 1418; x_wconf 83' lang='lat'><strong>317.</strong></span> <span class='ocrx_word' id='word_1_100' title='bbox 1208 1385 1276 1419; x_wconf 80' lang='lat' dir='ltr'>IV.</span> <span class='ocrx_word' id='word_1_101' title='bbox 1299 1398 1336 1431; x_wconf 73' lang='lat' dir='ltr'>p.</span> <span class='ocrx_word' id='word_1_102' title='bbox 1365 1386 1470 1420; x_wconf 87' lang='lat' dir='ltr'>LXI.</span> <span class='ocrx_word' id='word_1_103' title='bbox 1499 1400 1532 1420; x_wconf 76' lang='lat' dir='ltr'>n.</span> <span class='ocrx_word' id='word_1_104' title='bbox 1553 1391 1610 1422; x_wconf 67' lang='lat'>26,</span> 
     </span>
     <span class='ocr_line' id='line_1_17' title="bbox 96 1441 1611 1496; baseline 0.001 -18"><span class='ocrx_word' id='word_1_105' title='bbox 96 1445 281 1478; x_wconf 72' lang='lat' dir='ltr'>Endlicleet·</span> <span class='ocrx_word' id='word_1_106' title='bbox 308 1446 391 1478; x_wconf 79' lang='lat' dir='ltr'>Gen.</span> <span class='ocrx_word' id='word_1_107' title='bbox 422 1457 458 1490; x_wconf 73' lang='lat' dir='ltr'>p.</span> <span class='ocrx_word' id='word_1_108' title='bbox 492 1447 592 1478; x_wconf 86' lang='lat'><strong>1340.</strong></span> <span class='ocrx_word' id='word_1_109' title='bbox 633 1456 667 1477; x_wconf 79' lang='lat' dir='ltr'>n.</span> <span class='ocrx_word' id='word_1_110' title='bbox 708 1441 847 1491; x_wconf 81' lang='lat' dir='ltr'><strong>472s7.</strong></span> <span class='ocrx_word' id='word_1_111' title='bbox 900 1442 1069 1477; x_wconf 88' lang='lat' dir='ltr'>Codonia</span> <span class='ocrx_word' id='word_1_112' title='bbox 1098 1443 1262 1496; x_wconf 40' lang='lat' dir='ltr'>Dmrlzorc.</span> <span class='ocrx_word' id='word_1_113' title='bbox 1291 1445 1611 1487; x_wconf 64' lang='lat' dir='ltr'>Jungermanniae</span> 
     </span>
     <span class='ocr_line' id='line_1_18' title="bbox 95 1501 1443 1549; baseline 0.001 -14"><span class='ocrx_word' id='word_1_114' title='bbox 95 1512 193 1545; x_wconf 87' lang='lat' dir='ltr'><strong>spec.</strong></span> <span class='ocrx_word' id='word_1_115' title='bbox 221 1510 327 1537; x_wconf 67' lang='lat' dir='ltr'>auctr.</span> <span class='ocrx_word' id='word_1_116' title='bbox 381 1503 539 1537; x_wconf 75' lang='lat' dir='ltr'>Gottsclie</span> <span class='ocrx_word' id='word_1_117' title='bbox 563 1504 600 1536; x_wconf 73' lang='lat' dir='ltr'>in</span> <span class='ocrx_word' id='word_1_118' title='bbox 628 1503 711 1536; x_wconf 81' lang='lat' dir='ltr'>Act.</span> <span class='ocrx_word' id='word_1_119' title='bbox 742 1502 789 1537; x_wconf 83' lang='lat' dir='ltr'>A.</span> <span class='ocrx_word' id='word_1_120' title='bbox 820 1502 858 1535; x_wconf 80' lang='lat' dir='ltr'>C.</span> <span class='ocrx_word' id='word_1_121' title='bbox 888 1502 973 1535; x_wconf 78' lang='lat' dir='ltr'>Nat.</span> <span class='ocrx_word' id='word_1_122' title='bbox 1003 1501 1087 1536; x_wconf 73' lang='lat' dir='ltr'>Cur.</span> <span class='ocrx_word' id='word_1_123' title='bbox 1116 1503 1210 1537; x_wconf 83' lang='lat' dir='ltr'>XX.</span> <span class='ocrx_word' id='word_1_124' title='bbox 1241 1507 1271 1537; x_wconf 92' lang='grc'>1.</span> <span class='ocrx_word' id='word_1_125' title='bbox 1296 1516 1332 1549; x_wconf 78' lang='lat' dir='ltr'>p.</span> <span class='ocrx_word' id='word_1_126' title='bbox 1360 1507 1443 1538; x_wconf 83' lang='lat'><strong>336.</strong></span> 
     </span>
    </p>
   </div>
   <div class='ocr_carea' id='block_1_11' title="bbox 93 1572 1611 2206">
    <p class='ocr_par' dir='ltr' id='par_1_11' title="bbox 93 1572 1611 2087">
     <span class='ocr_line' id='line_1_19' title="bbox 191 1572 1610 1615; baseline 0.003 -10"><span class='ocrx_word' id='word_1_127' title='bbox 191 1572 447 1608; x_wconf 87' lang='lat' dir='ltr'>Perianthium</span> <span class='ocrx_word' id='word_1_128' title='bbox 485 1574 701 1613; x_wconf 83' lang='lat' dir='ltr'>terminale,</span> <span class='ocrx_word' id='word_1_129' title='bbox 744 1576 829 1615; x_wconf 89' lang='lat' dir='ltr'>post</span> <span class='ocrx_word' id='word_1_130' title='bbox 860 1572 1135 1606; x_wconf 75' lang='lat' dir='ltr'>innovationem</span> <span class='ocrx_word' id='word_1_131' title='bbox 1170 1575 1337 1613; x_wconf 85' lang='lat' dir='ltr'>dorsale,</span> <span class='ocrx_word' id='word_1_132' title='bbox 1376 1575 1610 1614; x_wconf 70' lang='lat' dir='ltr'>herbaceum.</span> 
     </span>
     <span class='ocr_line' id='line_1_20' title="bbox 94 1630 1611 1679; baseline 0.004 -16"><span class='ocrx_word' id='word_1_133' title='bbox 94 1630 368 1674; x_wconf 84' lang='lat' dir='ltr'>gamophyllum</span> <span class='ocrx_word' id='word_1_134' title='bbox 411 1632 787 1675; x_wconf 85' lang='lat' dir='ltr'>subcampanulatum</span> <span class='ocrx_word' id='word_1_135' title='bbox 830 1641 893 1664; x_wconf 83' lang='lat' dir='ltr'>ore</span> <span class='ocrx_word' id='word_1_136' title='bbox 940 1631 1062 1675; x_wconf 88' lang='lat' dir='ltr'>amplo</span> <span class='ocrx_word' id='word_1_137' title='bbox 1105 1633 1422 1668; x_wconf 86' lang='lat' dir='ltr'>lobato-crenato</span> <span class='ocrx_word' id='word_1_138' title='bbox 1466 1646 1611 1679; x_wconf 83' lang='lat' dir='ltr'><strong>semper</strong></span> 
     </span>
     <span class='ocr_line' id='line_1_21' title="bbox 95 1689 1607 1734; baseline 0.006 -14"><span class='ocrx_word' id='word_1_139' title='bbox 95 1694 235 1732; x_wconf 84' lang='lat' dir='ltr'>aperto,</span> <span class='ocrx_word' id='word_1_140' title='bbox 262 1701 344 1723; x_wconf 83' lang='lat' dir='ltr'>cum</span> <span class='ocrx_word' id='word_1_141' title='bbox 372 1691 551 1725; x_wconf 84' lang='lat' dir='ltr'>involucri</span> <span class='ocrx_word' id='word_1_142' title='bbox 579 1689 677 1724; x_wconf 89' lang='lat' dir='ltr'>foliis</span> <span class='ocrx_word' id='word_1_143' title='bbox 705 1689 888 1723; x_wconf 86' lang='lat' dir='ltr'>subulatis</span> <span class='ocrx_word' id='word_1_144' title='bbox 916 1689 991 1723; x_wconf 87' lang='lat' dir='ltr'>fere</span> <span class='ocrx_word' id='word_1_145' title='bbox 1019 1694 1098 1724; x_wconf 83' lang='lat' dir='ltr'>tota</span> <span class='ocrx_word' id='word_1_146' title='bbox 1124 1691 1357 1734; x_wconf 83' lang='lat' dir='ltr'>longitudine</span> <span class='ocrx_word' id='word_1_147' title='bbox 1383 1694 1607 1729; x_wconf 77' lang='lat' dir='ltr'>coalescens.</span> 
     </span>
     <span class='ocr_line' id='line_1_22' title="bbox 97 1747 1609 1794; baseline 0.005 -14"><span class='ocrx_word' id='word_1_148' title='bbox 97 1747 242 1782; x_wconf 84' lang='lat' dir='ltr'>Pistilla</span> <span class='ocrx_word' id='word_1_149' title='bbox 269 1750 458 1793; x_wconf 84' lang='lat' dir='ltr'>deoperta.</span> <span class='ocrx_word' id='word_1_150' title='bbox 512 1750 678 1793; x_wconf 80' lang='lat' dir='ltr'>Capsula</span> <span class='ocrx_word' id='word_1_151' title='bbox 706 1750 878 1792; x_wconf 84' lang='lat' dir='ltr'>globosa,</span> <span class='ocrx_word' id='word_1_152' title='bbox 915 1748 1167 1793; x_wconf 78' lang='lat' dir='ltr'>irregulariter</span> <span class='ocrx_word' id='word_1_153' title='bbox 1193 1751 1419 1794; x_wconf 80' lang='lat' dir='ltr'>quadrifida,</span> <span class='ocrx_word' id='word_1_154' title='bbox 1453 1755 1609 1788; x_wconf 76' lang='lat' dir='ltr'>valvulis</span> 
     </span>
     <span class='ocr_line' id='line_1_23' title="bbox 95 1808 1609 1853; baseline 0.005 -14"><span class='ocrx_word' id='word_1_155' title='bbox 95 1808 268 1841; x_wconf 82' lang='lat' dir='ltr'>tenuibus</span> <span class='ocrx_word' id='word_1_156' title='bbox 302 1810 417 1843; x_wconf 81' lang='lat' dir='ltr'>erosis</span> <span class='ocrx_word' id='word_1_157' title='bbox 452 1810 558 1853; x_wconf 80' lang='lat' dir='ltr'>apice</span> <span class='ocrx_word' id='word_1_158' title='bbox 584 1809 744 1853; x_wconf 86' lang='lat' dir='ltr'>denique</span> <span class='ocrx_word' id='word_1_159' title='bbox 770 1812 1033 1842; x_wconf 82' lang='lat' dir='ltr'>evanescente.</span> <span class='ocrx_word' id='word_1_160' title='bbox 1085 1809 1253 1843; x_wconf 85' lang='lat' dir='ltr'>Elateres</span> <span class='ocrx_word' id='word_1_161' title='bbox 1282 1811 1433 1852; x_wconf 83' lang='lat' dir='ltr'>breves,</span> <span class='ocrx_word' id='word_1_162' title='bbox 1469 1813 1609 1847; x_wconf 84' lang='lat' dir='ltr'>bi-tri-</span> 
     </span>
     <span class='ocr_line' id='line_1_24' title="bbox 94 1866 1607 1914; baseline 0.005 -15"><span class='ocrx_word' id='word_1_163' title='bbox 94 1866 197 1910; x_wconf 89' lang='lat' dir='ltr'>spiri.</span> <span class='ocrx_word' id='word_1_164' title='bbox 249 1868 377 1902; x_wconf 85' lang='lat' dir='ltr'>Flores</span> <span class='ocrx_word' id='word_1_165' title='bbox 404 1869 559 1902; x_wconf 78' lang='lat' dir='ltr'>masculi</span> <span class='ocrx_word' id='word_1_166' title='bbox 590 1868 644 1902; x_wconf 88' lang='lat' dir='ltr'>vel</span> <span class='ocrx_word' id='word_1_167' title='bbox 672 1867 865 1901; x_wconf 85' lang='lat' dir='ltr'>mono-vel</span> <span class='ocrx_word' id='word_1_168' title='bbox 893 1866 1070 1908; x_wconf 87' lang='lat' dir='ltr'>diclines,</span> <span class='ocrx_word' id='word_1_169' title='bbox 1106 1868 1142 1901; x_wconf 92' lang='lat' dir='ltr'>in</span> <span class='ocrx_word' id='word_1_170' title='bbox 1174 1870 1280 1902; x_wconf 86' lang='lat' dir='ltr'>caule</span> <span class='ocrx_word' id='word_1_171' title='bbox 1315 1870 1497 1914; x_wconf 80' lang='lat' dir='ltr'>dorsales,</span> <span class='ocrx_word' id='word_1_172' title='bbox 1538 1884 1607 1907; x_wconf 86' lang='lat' dir='ltr'>an-</span> 
     </span>
     <span class='ocr_line' id='line_1_25' title="bbox 95 1925 1609 1972; baseline 0.005 -14"><span class='ocrx_word' id='word_1_173' title='bbox 95 1925 206 1960; x_wconf 86' lang='lat' dir='ltr'>theris</span> <span class='ocrx_word' id='word_1_174' title='bbox 234 1928 354 1961; x_wconf 89' lang='lat' dir='ltr'>nudis.</span> <span class='ocrx_word' id='word_1_175' title='bbox 408 1928 545 1961; x_wconf 84' lang='lat' dir='ltr'>Caules</span> <span class='ocrx_word' id='word_1_176' title='bbox 573 1932 675 1960; x_wconf 86' lang='lat' dir='ltr'>arcte</span> <span class='ocrx_word' id='word_1_177' title='bbox 704 1930 896 1970; x_wconf 83' lang='lat' dir='ltr'>repentes,</span> <span class='ocrx_word' id='word_1_178' title='bbox 934 1925 1120 1972; x_wconf 85' lang='lat' dir='ltr'>simplices</span> <span class='ocrx_word' id='word_1_179' title='bbox 1155 1928 1210 1961; x_wconf 86' lang='lat' dir='ltr'>vel</span> <span class='ocrx_word' id='word_1_180' title='bbox 1237 1928 1449 1964; x_wconf 88' lang='lat' dir='ltr'>innovando</span> <span class='ocrx_word' id='word_1_181' title='bbox 1476 1934 1609 1966; x_wconf 78' lang='lat' dir='ltr'>ramosi</span> 
     </span>
     <span class='ocr_line' id='line_1_26' title="bbox 93 1984 1605 2026; baseline 0.005 -8"><span class='ocrx_word' id='word_1_182' title='bbox 93 1989 128 2018; x_wconf 89' lang='lat' dir='ltr'>et</span> <span class='ocrx_word' id='word_1_183' title='bbox 155 1985 311 2025; x_wconf 86' lang='lat' dir='ltr'>furcati,</span> <span class='ocrx_word' id='word_1_184' title='bbox 346 1985 596 2019; x_wconf 87' lang='lat' dir='ltr'>crassiusculi.</span> <span class='ocrx_word' id='word_1_185' title='bbox 658 1985 763 2019; x_wconf 86' lang='lat' dir='ltr'>Folia</span> <span class='ocrx_word' id='word_1_186' title='bbox 791 1985 846 2018; x_wconf 82' lang='lat' dir='ltr'>vel</span> <span class='ocrx_word' id='word_1_187' title='bbox 875 1984 1058 2026; x_wconf 62' lang='lat' dir='ltr'>discreta,</span> <span class='ocrx_word' id='word_1_188' title='bbox 1095 1986 1169 2020; x_wconf 87' lang='lat' dir='ltr'>lata</span> <span class='ocrx_word' id='word_1_189' title='bbox 1197 1987 1276 2020; x_wconf 87' lang='lat' dir='ltr'>basi</span> <span class='ocrx_word' id='word_1_190' title='bbox 1305 1989 1449 2022; x_wconf 86' lang='lat' dir='ltr'>sessilia</span> <span class='ocrx_word' id='word_1_191' title='bbox 1478 1995 1514 2024; x_wconf 90' lang='lat' dir='ltr'>et</span> <span class='ocrx_word' id='word_1_192' title='bbox 1541 1992 1605 2024; x_wconf 86' lang='lat' dir='ltr'>de-</span> 
     </span>
     <span class='ocr_line' id='line_1_27' title="bbox 93 2044 1282 2087; baseline 0.003 -10"><span class='ocrx_word' id='word_1_193' title='bbox 93 2045 296 2086; x_wconf 84' lang='lat' dir='ltr'>currentia,</span> <span class='ocrx_word' id='word_1_194' title='bbox 332 2046 519 2084; x_wconf 81' lang='lat' dir='ltr'>succuba,</span> <span class='ocrx_word' id='word_1_195' title='bbox 555 2045 679 2078; x_wconf 74' lang='lat' dir='ltr'>lobnta</span> <span class='ocrx_word' id='word_1_196' title='bbox 707 2049 742 2078; x_wconf 90' lang='lat' dir='ltr'>et</span> <span class='ocrx_word' id='word_1_197' title='bbox 769 2044 973 2086; x_wconf 80' lang='lat' dir='ltr'>undulata,</span> <span class='ocrx_word' id='word_1_198' title='bbox 1002 2045 1148 2087; x_wconf 83' lang='lat' dir='ltr'>mollia,</span> <span class='ocrx_word' id='word_1_199' title='bbox 1183 2047 1282 2082; x_wconf 82' lang='lat' dir='ltr'>laxa.</span> 
     </span>
    </p>

    <p class='ocr_par' dir='ltr' id='par_1_12' title="bbox 93 2103 1609 2206">
     <span class='ocr_line' id='line_1_28' title="bbox 188 2103 1609 2153; baseline 0.005 -16"><span class='ocrx_word' id='word_1_200' title='bbox 188 2104 347 2138; x_wconf 79' lang='lat' dir='ltr'>Plantae</span> <span class='ocrx_word' id='word_1_201' title='bbox 389 2104 567 2148; x_wconf 84' lang='lat' dir='ltr'>pusillae,</span> <span class='ocrx_word' id='word_1_202' title='bbox 620 2104 834 2144; x_wconf 81' lang='lat' dir='ltr'>terricolae,</span> <span class='ocrx_word' id='word_1_203' title='bbox 890 2103 1152 2147; x_wconf 73' lang='lat' dir='ltr'>limnophilae‚</span> <span class='ocrx_word' id='word_1_204' title='bbox 1201 2106 1426 2150; x_wconf 77' lang='lat' dir='ltr'>caespitulos</span> <span class='ocrx_word' id='word_1_205' title='bbox 1476 2121 1609 2153; x_wconf 86' lang='lat' dir='ltr'>parvos</span> 
     </span>
     <span class='ocr_line' id='line_1_29' title="bbox 93 2162 742 2206; baseline 0.003 -11"><span class='ocrx_word' id='word_1_206' title='bbox 93 2162 233 2206; x_wconf 88' lang='lat' dir='ltr'>crispos</span> <span class='ocrx_word' id='word_1_207' title='bbox 260 2163 297 2196; x_wconf 91' lang='lat' dir='ltr'>in</span> <span class='ocrx_word' id='word_1_208' title='bbox 323 2164 401 2197; x_wconf 88' lang='lat' dir='ltr'>solo</span> <span class='ocrx_word' id='word_1_209' title='bbox 428 2164 501 2198; x_wconf 88' lang='lat' dir='ltr'>udo</span> <span class='ocrx_word' id='word_1_210' title='bbox 528 2164 742 2198; x_wconf 73' lang='lat' dir='ltr'>formantes.</span> 
     </span>
    </p>
   </div>
   <div class='ocr_carea' id='block_1_12' title="bbox 93 2232 1610 2634">
    <p class='ocr_par' dir='ltr' id='par_1_13' title="bbox 93 2232 1610 2634">
     <span class='ocr_line' id='line_1_30' title="bbox 190 2232 1609 2279; baseline 0.006 -14"><span class='ocrx_word' id='word_1_211' title='bbox 190 2232 344 2276; x_wconf 87' lang='lat' dir='ltr'>Species</span> <span class='ocrx_word' id='word_1_212' title='bbox 370 2245 436 2267; x_wconf 82' lang='lat' dir='ltr'>sex</span> <span class='ocrx_word' id='word_1_213' title='bbox 465 2235 719 2278; x_wconf 77' lang='lat' dir='ltr'>cognovimus,</span> <span class='ocrx_word' id='word_1_214' title='bbox 748 2245 903 2279; x_wconf 85' lang='lat' dir='ltr'>quarum</span> <span class='ocrx_word' id='word_1_215' title='bbox 931 2246 1006 2268; x_wconf 86' lang='lat' dir='ltr'>una</span> <span class='ocrx_word' id='word_1_216' title='bbox 1034 2235 1069 2267; x_wconf 90' lang='lat' dir='ltr'>in</span> <span class='ocrx_word' id='word_1_217' title='bbox 1097 2239 1174 2268; x_wconf 87' lang='lat' dir='ltr'>tota</span> <span class='ocrx_word' id='word_1_218' title='bbox 1188 2235 1352 2279; x_wconf 81' lang='lat' dir='ltr'>Europa,</span> <span class='ocrx_word' id='word_1_219' title='bbox 1379 2237 1415 2270; x_wconf 89' lang='lat' dir='ltr'>in</span> <span class='ocrx_word' id='word_1_220' title='bbox 1438 2238 1609 2273; x_wconf 74' lang='lat' dir='ltr'>Amerina</span> 
     </span>
     <span class='ocr_line' id='line_1_31' title="bbox 93 2291 1608 2341; baseline 0.006 -17"><span class='ocrx_word' id='word_1_221' title='bbox 93 2291 370 2335; x_wconf 79' lang='lat' dir='ltr'>septentrionali</span> <span class='ocrx_word' id='word_1_222' title='bbox 413 2296 448 2326; x_wconf 86' lang='lat' dir='ltr'>et</span> <span class='ocrx_word' id='word_1_223' title='bbox 481 2293 623 2336; x_wconf 87' lang='lat' dir='ltr'>tropica</span> <span class='ocrx_word' id='word_1_224' title='bbox 658 2293 823 2333; x_wconf 83' lang='lat' dir='ltr'>elatiori,</span> <span class='ocrx_word' id='word_1_225' title='bbox 872 2295 908 2326; x_wconf 88' lang='lat' dir='ltr'>in</span> <span class='ocrx_word' id='word_1_226' title='bbox 955 2294 1213 2328; x_wconf 85' lang='lat' dir='ltr'>Promontorio</span> <span class='ocrx_word' id='word_1_227' title='bbox 1254 2296 1384 2330; x_wconf 86' lang='lat' dir='ltr'>Bonae</span> <span class='ocrx_word' id='word_1_228' title='bbox 1425 2298 1534 2341; x_wconf 88' lang='lat' dir='ltr'>Spei,</span> <span class='ocrx_word' id='word_1_229' title='bbox 1572 2300 1608 2333; x_wconf 89' lang='lat' dir='ltr'>in</span> 
     </span>
     <span class='ocr_line' id='line_1_32' title="bbox 98 2350 1610 2396; baseline 0.005 -13"><span class='ocrx_word' id='word_1_230' title='bbox 98 2350 231 2384; x_wconf 74' lang='lat' dir='ltr'>Insulis</span> <span class='ocrx_word' id='word_1_231' title='bbox 264 2351 457 2391; x_wconf 65' lang='lat' dir='ltr'>Canmiis,</span> <span class='ocrx_word' id='word_1_232' title='bbox 503 2351 540 2384; x_wconf 92' lang='lat' dir='ltr'>in</span> <span class='ocrx_word' id='word_1_233' title='bbox 584 2352 714 2386; x_wconf 89' lang='lat' dir='ltr'>Insula</span> <span class='ocrx_word' id='word_1_234' title='bbox 759 2353 1079 2396; x_wconf 80' lang='lat' dir='ltr'>Kcrguelensland</span> <span class='ocrx_word' id='word_1_235' title='bbox 1115 2360 1151 2388; x_wconf 85' lang='lat' dir='ltr'>et</span> <span class='ocrx_word' id='word_1_236' title='bbox 1189 2354 1224 2387; x_wconf 89' lang='lat' dir='ltr'>in</span> <span class='ocrx_word' id='word_1_237' title='bbox 1265 2354 1373 2388; x_wconf 83' lang='lat' dir='ltr'>Nova</span> <span class='ocrx_word' id='word_1_238' title='bbox 1408 2355 1610 2391; x_wconf 80' lang='lat' dir='ltr'>Zeelandia</span> 
     </span>
     <span class='ocr_line' id='line_1_33' title="bbox 94 2409 1607 2456; baseline 0.005 -15"><span class='ocrx_word' id='word_1_239' title='bbox 94 2409 247 2442; x_wconf 86' lang='lat' dir='ltr'>inventa</span> <span class='ocrx_word' id='word_1_240' title='bbox 281 2415 356 2451; x_wconf 80' lang='lat' dir='ltr'>est3</span> <span class='ocrx_word' id='word_1_241' title='bbox 397 2411 511 2443; x_wconf 84' lang='lat' dir='ltr'>altera</span> <span class='ocrx_word' id='word_1_242' title='bbox 551 2411 586 2443; x_wconf 85' lang='lat' dir='ltr'>in</span> <span class='ocrx_word' id='word_1_243' title='bbox 614 2411 764 2454; x_wconf 87' lang='lat' dir='ltr'>Europa</span> <span class='ocrx_word' id='word_1_244' title='bbox 791 2417 933 2445; x_wconf 86' lang='lat' dir='ltr'>tantum</span> <span class='ocrx_word' id='word_1_245' title='bbox 961 2413 1135 2453; x_wconf 82' lang='lat' dir='ltr'>australi,</span> <span class='ocrx_word' id='word_1_246' title='bbox 1174 2414 1316 2456; x_wconf 86' lang='lat' dir='ltr'>(Italia,</span> <span class='ocrx_word' id='word_1_247' title='bbox 1359 2414 1538 2456; x_wconf 85' lang='lat' dir='ltr'>Graecia,</span> <span class='ocrx_word' id='word_1_248' title='bbox 1572 2417 1607 2450; x_wconf 87' lang='lat' dir='ltr'>in</span> 
     </span>
     <span class='ocr_line' id='line_1_34' title="bbox 94 2468 1606 2520; baseline 0.005 -19"><span class='ocrx_word' id='word_1_249' title='bbox 94 2468 232 2502; x_wconf 90' lang='lat' dir='ltr'>Insulis</span> <span class='ocrx_word' id='word_1_250' title='bbox 258 2469 401 2510; x_wconf 76' lang='lat' dir='ltr'>Azoris,</span> <span class='ocrx_word' id='word_1_251' title='bbox 427 2469 587 2513; x_wconf 83' lang='lat' dir='ltr'>denique</span> <span class='ocrx_word' id='word_1_252' title='bbox 615 2470 651 2503; x_wconf 90' lang='lat' dir='ltr'>in</span> <span class='ocrx_word' id='word_1_253' title='bbox 678 2470 803 2504; x_wconf 78' lang='lat' dir='ltr'>Africa</span> <span class='ocrx_word' id='word_1_254' title='bbox 831 2471 1111 2514; x_wconf 87' lang='lat' dir='ltr'>septentrionali</span> <span class='ocrx_word' id='word_1_255' title='bbox 1136 2477 1172 2506; x_wconf 91' lang='lat' dir='ltr'>et</span> <span class='ocrx_word' id='word_1_256' title='bbox 1198 2472 1234 2505; x_wconf 86' lang='lat' dir='ltr'>in</span> <span class='ocrx_word' id='word_1_257' title='bbox 1256 2472 1394 2506; x_wconf 80' lang='lat' dir='ltr'>Insulis</span> <span class='ocrx_word' id='word_1_258' title='bbox 1417 2474 1606 2520; x_wconf 86' lang='lat' dir='ltr'>Canariis)</span> 
     </span>
     <span class='ocr_line' id='line_1_35' title="bbox 94 2528 1604 2576; baseline 0.007 -16"><span class='ocrx_word' id='word_1_259' title='bbox 94 2538 256 2562; x_wconf 84' lang='lat' dir='ltr'>crescere</span> <span class='ocrx_word' id='word_1_260' title='bbox 284 2528 450 2568; x_wconf 88' lang='lat' dir='ltr'>videtur,</span> <span class='ocrx_word' id='word_1_261' title='bbox 479 2528 590 2562; x_wconf 84' lang='lat' dir='ltr'>tertia</span> <span class='ocrx_word' id='word_1_262' title='bbox 616 2528 652 2561; x_wconf 90' lang='lat' dir='ltr'>in</span> <span class='ocrx_word' id='word_1_263' title='bbox 683 2529 789 2562; x_wconf 87' lang='lat' dir='ltr'>Nova</span> <span class='ocrx_word' id='word_1_264' title='bbox 818 2529 1033 2573; x_wconf 85' lang='lat' dir='ltr'>Hollandia,</span> <span class='ocrx_word' id='word_1_265' title='bbox 1075 2535 1207 2576; x_wconf 89' lang='lat' dir='ltr'>quarta</span> <span class='ocrx_word' id='word_1_266' title='bbox 1234 2533 1270 2565; x_wconf 93' lang='lat' dir='ltr'>in</span> <span class='ocrx_word' id='word_1_267' title='bbox 1299 2533 1452 2575; x_wconf 85' lang='lat' dir='ltr'>imperio</span> <span class='ocrx_word' id='word_1_268' title='bbox 1480 2535 1604 2570; x_wconf 87' lang='lat' dir='ltr'>Mexi-</span> 
     </span>
     <span class='ocr_line' id='line_1_36' title="bbox 94 2586 1228 2634; baseline 0.006 -15"><span class='ocrx_word' id='word_1_269' title='bbox 94 2595 199 2627; x_wconf 83' lang='lat' dir='ltr'>cano,</span> <span class='ocrx_word' id='word_1_270' title='bbox 226 2586 323 2619; x_wconf 86' lang='lat' dir='ltr'>duae</span> <span class='ocrx_word' id='word_1_271' title='bbox 349 2587 513 2631; x_wconf 86' lang='lat' dir='ltr'>reliquae</span> <span class='ocrx_word' id='word_1_272' title='bbox 541 2587 577 2620; x_wconf 86' lang='lat' dir='ltr'>in</span> <span class='ocrx_word' id='word_1_273' title='bbox 604 2587 729 2621; x_wconf 85' lang='lat' dir='ltr'>Africa</span> <span class='ocrx_word' id='word_1_274' title='bbox 757 2589 967 2623; x_wconf 85' lang='lat' dir='ltr'>australiori</span> <span class='ocrx_word' id='word_1_275' title='bbox 995 2591 1228 2634; x_wconf 85' lang='lat' dir='ltr'>proveniunt.</span> 
     </span>
    </p>
   </div>
   <div class='ocr_carea' id='block_1_13' title="bbox 388 2671 1320 2720">
    <p class='ocr_par' dir='ltr' id='par_1_14' title="bbox 388 2671 1320 2720">
     <span class='ocr_line' id='line_1_37' title="bbox 388 2671 1320 2720; baseline 0.003 -17"><span class='ocrx_word' id='word_1_276' title='bbox 388 2673 417 2703; x_wconf 87' lang='grc'>1.</span> <span class='ocrx_word' id='word_1_277' title='bbox 470 2671 875 2706; x_wconf 62' lang='lat' dir='ltr'>Fossatum-onia</span> <span class='ocrx_word' id='word_1_278' title='bbox 894 2675 1103 2720; x_wconf 59' lang='lat' dir='ltr'>pusilla</span> <span class='ocrx_word' id='word_1_279' title='bbox 1131 2674 1176 2707; x_wconf 91' lang='lat' dir='ltr'>N.</span> <span class='ocrx_word' id='word_1_280' title='bbox 1206 2675 1251 2707; x_wconf 79' lang='lat' dir='ltr'>ab</span> <span class='ocrx_word' id='word_1_281' title='bbox 1281 2674 1320 2706; x_wconf 89' lang='lat' dir='ltr'>E.</span> 
     </span>
    </p>
   </div>
   <div class='ocr_carea' id='block_1_14' title="bbox 83 2739 1610 2962">
    <p class='ocr_par' dir='ltr' id='par_1_15' title="bbox 83 2739 1610 2962">
     <span class='ocr_line' id='line_1_38' title="bbox 188 2739 1608 2790; baseline 0.007 -20"><span class='ocrx_word' id='word_1_282' title='bbox 188 2739 234 2771; x_wconf 89' lang='lat' dir='ltr'>F.</span> <span class='ocrx_word' id='word_1_283' title='bbox 272 2741 441 2784; x_wconf 64' lang='lat' dir='ltr'>parvula,</span> <span class='ocrx_word' id='word_1_284' title='bbox 487 2742 581 2775; x_wconf 65' lang='lat' dir='ltr'>caede</span> <span class='ocrx_word' id='word_1_285' title='bbox 618 2743 831 2789; x_wconf 66' lang='lat' dir='ltr'>szrbsimplici</span> <span class='ocrx_word' id='word_1_286' title='bbox 857 2745 1081 2790; x_wconf 54' lang='lat' dir='ltr'>frequentius</span> <span class='ocrx_word' id='word_1_287' title='bbox 1125 2752 1235 2778; x_wconf 75' lang='lat' dir='ltr'>autem</span> <span class='ocrx_word' id='word_1_288' title='bbox 1274 2747 1368 2789; x_wconf 65' lang='lat' dir='ltr'>apice</span> <span class='ocrx_word' id='word_1_289' title='bbox 1404 2746 1608 2790; x_wconf 63' lang='lat' dir='ltr'>(livet-yena-</span> 
     </span>
     <span class='ocr_line' id='line_1_39' title="bbox 83 2797 1610 2850; baseline 0.007 -21"><span class='ocrx_word' id='word_1_290' title='bbox 83 2797 230 2840; x_wconf 76' lang='lat' dir='ltr'>fureato</span> <span class='ocrx_word' id='word_1_291' title='bbox 254 2798 561 2841; x_wconf 72' lang='lat' dir='ltr'>subclichotomove,</span> <span class='ocrx_word' id='word_1_292' title='bbox 585 2801 692 2845; x_wconf 69' lang='lat' dir='ltr'>foliis</span> <span class='ocrx_word' id='word_1_293' title='bbox 717 2803 847 2848; x_wconf 67' lang='lat' dir='ltr'>oblique</span> <span class='ocrx_word' id='word_1_294' title='bbox 870 2805 1011 2850; x_wconf 76' lang='lat' dir='ltr'>patulis,</span> <span class='ocrx_word' id='word_1_295' title='bbox 1046 2803 1266 2849; x_wconf 64' lang='lat' dir='ltr'>itfiertforibus</span> <span class='ocrx_word' id='word_1_296' title='bbox 1291 2803 1610 2839; x_wconf 70' lang='lat' dir='ltr'>undulata-Iobatis</span> 
     </span>
     <span class='ocr_line' id='line_1_40' title="bbox 96 2855 1610 2908; baseline 0.008 -21"><span class='ocrx_word' id='word_1_297' title='bbox 96 2855 178 2888; x_wconf 77' lang='lat' dir='ltr'>Iobis</span> <span class='ocrx_word' id='word_1_298' title='bbox 217 2855 506 2899; x_wconf 65' lang='lat' dir='ltr'>subveunt-onmis,</span> <span class='ocrx_word' id='word_1_299' title='bbox 557 2861 787 2905; x_wconf 64' lang='lat' dir='ltr'>superioribus</span> <span class='ocrx_word' id='word_1_300' title='bbox 830 2862 1328 2907; x_wconf 64' lang='lat' dir='ltr'>anyulato-tri—qmnlrilobI&#39;s</span> <span class='ocrx_word' id='word_1_301' title='bbox 1369 2863 1489 2908; x_wconf 69' lang='lat' dir='ltr'>crispis</span> <span class='ocrx_word' id='word_1_302' title='bbox 1529 2865 1610 2899; x_wconf 73' lang='lat' dir='ltr'>(obis</span> 
     </span>
     <span class='ocr_line' id='line_1_41' title="bbox 94 2915 926 2962; baseline 0.01 -15"><span class='ocrx_word' id='word_1_303' title='bbox 94 2915 360 2959; x_wconf 70' lang='lat' dir='ltr'>‹znyustioribus‚</span> <span class='ocrx_word' id='word_1_304' title='bbox 381 2919 577 2962; x_wconf 71' lang='lat' dir='ltr'>periantliio</span> <span class='ocrx_word' id='word_1_305' title='bbox 603 2920 754 2954; x_wconf 59' lang='lat' dir='ltr'>obeonieo</span> <span class='ocrx_word' id='word_1_306' title='bbox 779 2922 926 2955; x_wconf 76' lang='lat' dir='ltr'>dentato.</span> 
     </span>
    </p>
   </div>
   <div class='ocr_carea' id='block_1_15' title="bbox 1242 3004 1329 3031">
    <p class='ocr_par' dir='ltr' id='par_1_16' title="bbox 1242 3004 1329 3031">
     <span class='ocr_line' id='line_1_42' title="bbox 1242 3004 1329 3031; baseline -0.023 0"><span class='ocrx_word' id='word_1_307' title='bbox 1242 3004 1329 3031; x_wconf 70' lang='lat'>30*</span> 
     </span>
    </p>
   </div>
  </div>
 </body>
</html>
