1824 3252
170 193 242 226 508
827 183 1041 218 Monoclea.

501 298 693 340 XLIX.
725 296 833 349 (II.)
862 294 1201 341 Monoclea
1241 296 1390 337 Hook.

173 384 286 419 Musc.
313 389 388 417 ποι
415 388 439 415 t.
470 383 548 414 174.
605 376 869 412 Anthocerotis
898 386 999 420 spec.
1027 376 1145 410 Forst.
1172 377 1285 423 Mspt.

267 452 507 486 Involucrum
542 453 671 484 costae
706 447 848 482 frondis
882 458 904 481 a
939 451 1043 490 tergo
1070 447 1271 489 adnatum,
1311 457 1396 480 cum
1433 451 1538 482 costa
1571 449 1704 483 tubum

170 512 333 546 formans
358 510 503 553 apicem
529 519 661 542 versus
689 508 886 541 dilatatum
915 510 1001 540 ante
1029 506 1174 550 apicem
1212 506 1288 541 lobi
1316 511 1539 541 truncatum.
1592 508 1701 543 Peri-

170 569 336 604 antbium
363 570 409 613 (ἲ)
435 568 651 602 tubulosum
670 578 732 601 ore
758 566 877 600 inciso
903 566 1170 608 subbilabiato‚
1198 566 1451 610 pedunculum
1472 567 1519 600 ad
1543 566 1703 602 fructum

170 639 289 673 usque
315 627 532 661 investiens.
586 626 753 670 Capsula
781 637 803 660 a
830 626 1043 670 pedunculo
1070 626 1247 668 discreta,
1274 625 1450 669 oblonga.
1502 625 1704 670 Vegetatio

169 688 359 729 frondosa,
386 686 515 721 habitu
545 685 903 720 Marchantiearum.

267 758 424 803 Species
458 769 535 792 una
570 757 755 801 genuina,
803 768 825 792 a
862 758 1038 792 Forstero
1073 757 1111 791 in
1150 757 1291 791 Insulis
1332 758 1562 792 australibus
1595 758 1703 793 lecta.

171 818 279 859 Quae
306 823 439 863 postea
464 817 551 851 huic
577 817 707 861 generi
731 817 946 861 adscriptae
972 821 1059 851 sunt
1084 816 1231 861 species
1258 828 1386 852 omnes
1407 818 1454 852 ad
1473 817 1705 853 Anthoceros

169 887 287 920 genus
315 877 578 911 amandandae
605 880 702 910 sunt.

550 973 579 1003 l.
631 953 916 1004 Meneclem
941 969 1180 1005 For-steri
1208 969 1333 1004 Hook.

169 1027 284 1063 illuso.
318 1034 406 1063 eaeot.
444 1029 467 1062 l.
500 1042 528 1063 e.
598 1030 645 1063 N.
679 1028 721 1062 ab
762 1029 806 1062 E.
842 1030 934 1075 Hep.
967 1029 1049 1063 Jav.
1078 1041 1117 1074 p.
1144 1032 1178 1063 2.
1240 1029 1471 1065 Anthoceros
1515 1029 1702 1065 univalvis

168 1088 287 1122 Forsc.
315 1088 426 1134 IWIspt.

266 1161 309 1194 In
337 1160 477 1194 Insulis
506 1158 736 1193 australibus
764 1159 932 1202 (Forster
958 1158 995 1192 in
1027 1158 1103 1192 Hb.
1132 1157 1333 1201 Lambert).

267 1231 448 1271 „Frondes
473 1230 774 1275 procumbentes,
801 1229 1036 1271 imbricatae,
1063 1230 1350 1272 subcongestae‚
1377 1229 1699 1269 coriaceo-foliffi

169 1300 278 1331 oeae,
316 1290 614 1331 crassiusculae,
643 1290 910 1330 succulentae,
936 1289 1095 1332 planae,
1121 1289 1424 1323 suborbiculares
1459 1290 1640 1333 (unciales
1666 1296 1703 1326 et

170 1348 373 1393 longiores)
400 1348 646 1393 inaequaliter
672 1350 846 1390 lobatae‚
882 1348 978 1382 lobis
1005 1349 1078 1382 late
1106 1349 1228 1382 ovatis
1254 1348 1508 1383 obtusissimis
1535 1350 1702 1393 margine

169 1408 364 1442 undulatis
392 1408 552 1443 sinuatis
588 1408 745 1453 crispis,
783 1419 952 1448 enerves,
980 1407 1263 1449 atro-virides,
1300 1419 1413 1451 supra
1450 1409 1602 1451 glabrae
1638 1410 1702 1445 vix

168 1467 402 1509 maculatae,
430 1468 564 1502 subtus
585 1468 764 1509 hirsutae,
793 1467 956 1501 medium
978 1478 1108 1501 versus
1135 1467 1327 1501 radicibus
1347 1469 1555 1502 numerosis
1581 1469 1701 1512 longis

170 1526 317 1561 fibi-osis
355 1527 561 1571 praeditae.
614 1527 864 1570 Γνιιετζῄέαιίο
898 1537 918 1560 e
956 1526 1119 1560 cavitate
1154 1537 1285 1561 versus
1322 1527 1467 1571 apicem
1505 1527 1703 1562 frondium.

172 1586 436 1621 Perianthium
470 1585 702 1630 longitudine
740 1585 964 1630 pedunculi,
999 1586 1128 1620 et'ubi
1155 1586 1226 1620 iste
1255 1586 1402 1634 brevior
1428 1590 1505 1627 est,
1540 1598 1623 1620 cum
1659 1598 1704 1621 eo

171 1647 271 1680 intra
297 1647 465 1681 frondem
492 1646 700 1687 inclusum,
735 1657 797 1681 ore
823 1646 948 1680 bifido.
1001 1646 1266 1687 Pedunculus,
1294 1646 1357 1680 ubi
1385 1646 1504 1689 magis
1531 1646 1701 1690 explica-

172 1708 255 1746 tur,
292 1708 334 1746 15
363 1706 448 1748 poll.
477 1706 629 1749 longus,
657 1706 1122 1747 carnoso-succulentus,
1150 1706 1300 1740 sordide
1330 1707 1470 1747 ssavus,
1505 1706 1707 1749 solitarius,

171 1765 228 1798 vel
264 1764 358 1798 terni
399 1776 447 1799 ex
482 1765 615 1799 eodem
641 1766 847 1800 involucro.
901 1765 1054 1811 Capsula
1086 1765 1555 1810 oblongo—cylindracea,
1588 1765 1708 1809 fusca,

171 1822 316 1863 striata,
343 1822 537 1865 inclinata,
565 1825 676 1860 dorso
704 1824 1026 1868 longitudinaliter
1053 1825 1275 1869 dehiscens,
1303 1827 1453 1860 demum
1480 1830 1565 1870 post
1591 1827 1707 1861 semi-

168 1892 256 1915 num
284 1882 524 1917 emissionem
551 1884 588 1918 in
618 1885 763 1919 valvam
790 1885 992 1928 oblongam
1019 1886 1230 1920 coriaceam
1257 1897 1440 1930 expansa.
1491 1885 1635 1920 Semina
1670 1889 1706 1921 et

168 1941 307 1975 elateres
334 1942 434 1985 longi
460 1943 592 1987 bispiri
618 1955 820 1979 numerosa
845 1945 903 1987 (ut
930 1945 967 1978 in
993 1945 1348 1989 Jungermannia).“
1403 1945 1555 1980 Hooker
1583 1946 1604 1979 Ι.
1631 1956 1662 1979 ο.
