1824 3252
202 232 274 267 748
688 225 1004 270 Omphatauthus.
1055 224 1251 268 Lejeunia.

204 356 241 390 p.
266 346 351 379 306.
449 346 472 376 5
492 341 528 375 d.
576 338 1003 382 omphalanthus
1031 337 1226 384 affinis
1253 337 1375 380 Ldbg.
1395 342 1432 372 et
1446 339 1642 374 Gottsche.

302 404 346 437 0.
381 401 476 436 caule
516 405 652 445 repente
678 398 830 444 flaccido
872 398 968 433 brevi
1003 410 1159 438 ramoso,
1190 397 1296 443 foliis
1333 397 1589 435 subimbrz‘cati's
1625 406 1742 435 ‹mato-

201 462 413 498 acuminatis
446 458 682 504 integerrimis
708 458 782 492 basi
808 457 922 492 lobulo
950 464 1148 492 transeunte
1172 464 1227 491 sac
1254 470 1378 502 mayno
1403 459 1633 505 complicatis,
1667 473 1743 494 am-

197 521 409 570 phiyastriis
434 518 651 554 distantibus
683 519 791 552 ovatiS
824 520 873 553 ad
896 520 1045 553 medium
1071 518 1187 562 bifidis
1212 517 1403 552 minoribus
1433 517 1743 563 subinteyerrimis,

197 580 413 628 periantltiis
437 579 603 625 confertis
622 578 806 613 subvelatis
828 578 1227 625 cylindrico—turbinatiS
1247 579 1342 624 apice
1358 578 1746 625 peritayono-anqulatis

201 640 371 676 subalatt's
397 639 558 680 Iambus,
586 638 761 673 involucro
786 638 1072 684 subitzteyerrimo
1099 638 1209 673 lobulo
1235 638 1374 684 oblonyo
1399 639 1540 674 maiori.

301 700 463 734 Habitat
489 700 526 734 in
556 699 766 742 Cotumbia,
798 700 898 734 unde
926 711 945 734 e
973 700 1112 744 Caripe
1141 699 1267 733 attulit
1293 700 1338 734 cl.
1366 699 1505 734 Moritz
1534 699 1633 744 (Hb.
1647 699 1744 744 Reg.

205 762 330 798 Berol.
359 773 396 796 n.
424 764 468 796 51
500 761 565 805 d.).

301 822 484 856 Proxime
514 819 664 854 accedit
690 819 738 854 ad
767 819 810 854 Ο.
840 818 1007 853 lusorium
1034 817 1100 853 sed
1135 818 1309 853 foliorum
1344 818 1471 854 lobulo
1505 822 1564 853 sat
1596 829 1745 863 magno,

205 882 302 918 foliis
330 882 444 926 paulo
472 880 678 915 maioribus
707 884 744 914 et
771 880 1026 920 acutioribus,
1061 879 1255 913 involucro
1292 879 1450 923 longiori
1485 879 1551 924 (ita
1578 884 1617 913 ut
1643 879 1742 923 peri-

206 944 374 979 anthium
406 942 480 976 fere
505 943 675 987 superet)
702 945 738 975 et
765 940 892 975 lobulo
918 940 1081 982 oblongo
1107 938 1184 973 folii
1211 939 1453 973 involucralis
1481 939 1529 973 ab
1557 939 1601 973 Ο.
1621 938 1747 974 lusorio

204 1003 386 1048 distingui
414 1006 550 1046 potest.

205 1098 241 1130 p.
268 1088 352 1120 308.
489 1087 521 1119 8.
575 1082 1002 1126 Omphalanthvus
1026 1081 1406 1125 renistipulus.
1428 1119 1439 1126 l

302 1145 412 1180 Adde
439 1144 611 1187 diagnosi
641 1144 738 1176 linea
766 1142 900 1176 ultima
927 1147 1028 1186 post:
1072 1142 1308 1184 „obcom'cis‚“

353 1211 452 1250 „post
467 1204 637 1250 fluctum
664 1206 857 1248 eyressum“
886 1215 942 1236 ore
970 1202 1238 1236 lacero-incisis
1264 1201 1402 1237 lac-iniis
1426 1201 1575 1249 inflexis.

206 1300 242 1333 p.
268 1289 352 1322 308.
477 1290 512 1320 9.
554 1287 567 1319 2
620 1285 1047 1328 Omphalanthus
1075 1283 1465 1319 lumbricataes.

399 1346 566 1387 Lejeunia
595 1346 849 1378 luinbricoides
878 1344 1023 1390 Synops.
1052 1344 1216 1390 Heputic.
1242 1357 1277 1390 p.
1305 1346 1389 1379 342.
1416 1356 1450 1376 n.
1478 1346 1536 1379 74.

301 1406 446 1441 Forsan
483 1406 576 1439 haec
613 1405 742 1448 planta
778 1405 911 1438 melius
947 1405 1042 1438 inter
1079 1404 1355 1450 Omphalanthos
1388 1404 1613 1446 collocatur,
1661 1415 1747 1438 cum

206 1468 344 1513 quibus
381 1471 470 1500 tunc
507 1466 707 1510 temporis,
750 1476 835 1498 cuin
871 1464 1070 1509 perianthii
1100 1465 1242 1504 forma,
1282 1464 1404 1509 qualis
1432 1464 1468 1497 in
1507 1464 1550 1498 0.
1570 1463 1639 1508 fili
1659 1465 1749 1499 ormi

205 1527 409 1568 iuvenitur,
435 1526 704 1571 Omphalanthi
729 1525 854 1569 generi
880 1525 1032 1569 propria
1047 1529 1278 1566 censeretur,
1302 1523 1480 1569 coniungi
1497 1534 1568 1557 non
1588 1524 1721 1568 potuit.

809 1616 1147 1676 Lejeunia.

304 1712 339 1745 p.
367 1703 450 1735 308.
505 1700 688 1742 Catalogo
716 1698 982 1744 Lejeuniarum
1018 1709 1139 1732 novae
1172 1697 1319 1742 species
1347 1697 1546 1733 addendae
1573 1702 1661 1734 sunt
1687 1702 1748 1741 61,

211 1761 312 1795 unde
340 1771 519 1795 numerus
556 1760 778 1794 emendatus
815 1760 1026 1804 specierum
1063 1758 1340 1803 descriptarum
1378 1758 1549 1802 adsurgit
1584 1760 1630 1793 ad
1666 1763 1749 1795 294.

211 1819 439 1854 Distributio
475 1820 729 1864 geographica
759 1820 1043 1864 Lejeuniarum,
1085 1830 1181 1864 quae
1220 1819 1373 1852 additae
1406 1827 1512 1859 sunt,
1554 1819 1648 1853 hacc
1680 1825 1749 1855 est.

210 1879 395 1914 Crescunt
420 1891 467 1914 ex
498 1881 552 1913 his
581 1881 617 1914 in
646 1881 754 1914 terris
783 1881 1001 1915 Mexicanis
1028 1883 1092 1922 26,
1122 1880 1158 1913 in
1188 1879 1282 1914 Chili
1318 1883 1347 1921 Ι,
1382 1880 1418 1913 in
1452 1879 1614 1913 Brasitia
1643 1881 1675 1920 1,
1712 1879 1749 1914 in

211 1938 417 1972 Demerara
453 1945 490 1974 et
517 1941 684 1984 Cajenne
712 1944 752 1981 4,
793 1941 829 1974 in
862 1940 1025 1974 Peruvia
1055 1944 1091 1973 et
1120 1940 1320 1974 Colunibia
1347 1943 1394 1980 4,
1440 1939 1478 1973 in
1508 1940 1617 1973 India
1644 1940 1750 1974 occi—

209 1997 349 2032 dentali
377 2004 412 2041 6,
440 2000 477 2033 in
494 2000 690 2033 Ainericae
709 2000 1016 2043 septentrionalis
1033 2000 1261 2033 Civitatibus
1282 1999 1407 2034 Unitis
1433 2003 1469 2041 5,
1496 1998 1533 2032 in
1560 1998 1687 2033 Africa
1714 2002 1749 2041 3,

209 2058 247 2092 in
277 2059 386 2092 India
414 2059 587 2093 orientali
616 2063 651 2100 3,
679 2060 714 2092 in
745 2059 856 2092 Nova
883 2059 1090 2092 Zeelandia
1116 2063 1151 2102 2,
1190 2059 1229 2093 in
1257 2059 1343 2093 Van
1374 2059 1554 2093 Diemens
1579 2059 1687 2093 Laud
1720 2062 1748 2099 1,

209 2119 247 2152 in
274 2119 415 2153 Insulis
444 2119 585 2152 Oceani
614 2119 760 2163 pacifici
791 2123 828 2152 et
854 2118 1030 2153 australis
1057 2122 1091 2153 3.

208 2212 245 2244 p.
271 2203 356 2235 312.
613 2203 648 2234 3.
700 2200 965 2246 Lejeunae‘a
987 2199 1337 2246 phyllon-hwa.

209 2261 318 2296 Adde
345 2260 436 2296 locis
464 2260 676 2295 natalibus:
724 2261 871 2295 Merida
901 2260 1124 2294 Columhiae
1154 2260 1312 2302 (Moritz
1338 2259 1374 2293 in
1396 2259 1473 2293 Hb.
1497 2258 1595 2302 Reg.
1623 2260 1748 2295 Berol.

354 2331 392 2355 n.
423 2324 491 2355 155
517 2325 555 2355 et
587 2322 670 2366 163)
700 2326 738 2354 et
766 2321 965 2354 Huatusco
992 2320 1281 2354 Mexicanorum
1308 2320 1538 2366 (Liebman).

207 2413 245 2446 p.
271 2404 355 2436 313.
601 2406 636 2436 5.
688 2403 952 2448 Lejeum‘a
976 2402 1348 2437 Hobsoniana.

210 2462 339 2497 Adde:
390 2464 425 2504 β,
452 2462 651 2507 confertior,
681 2465 770 2495 sotiis
800 2466 870 2495 sere
900 2465 1101 2495 imbricatis.

307 2522 469 2556 Habitat
496 2522 598 2567 apud
626 2523 796 2557 Mirador
823 2527 860 2557 et
887 2523 1091 2557 Hacienda
1116 2522 1163 2556 de
1191 2522 1295 2558 Fovo
1321 2522 1359 2556 in
1388 2521 1522 2566 Regno
1542 2521 1748 2558 Mexicano

209 2582 441 2627 (Liel)man).

208 2675 245 2708 p.
273 2667 358 2699 313.
620 2667 654 2698 6.
707 2665 968 2711 Lejeum‘a
1001 2665 1339 2699 vincentina.

210 2723 319 2757 Adde
345 2722 443 2757 inter
470 2724 572 2759 locos
601 2725 766 2759 natales:
799 2725 1039 2759 Provinciam
1061 2725 1249 2759 Meridam
1278 2723 1503 2759 Columbiae
1529 2722 1683 2769 (Moritz
1710 2724 1746 2759 in

355 2784 432 2818 Hb.
464 2784 556 2828 Reg.
586 2785 710 2819 Berol.
739 2796 774 2820 n.
800 2789 861 2820 51.
889 2786 941 2830 b).

209 2875 246 2908 p.
273 2867 357 2900 314.
458 2868 479 2900 8
496 2865 531 2901 b.
570 2867 832 2913 Lejeum‘a
851 2867 1248 2914 plicatiscypha
1275 2867 1493 2911 Hook.jun.
1511 2870 1550 2901 et
1565 2866 1673 2910 Tayl.

309 2935 352 2969 L.
380 2936 479 2970 caule
502 2940 689 2984 caespitoso
714 2939 937 2973 adscendente
961 2938 1171 2980 subt-amosa,
1197 2939 1305 2984 foliis
1329 2938 1525 2973 imbricatis
1547 2936 1748 2985 patentibus

208 2993 359 3041 oblonyis
384 2996 624 3032 obtusiusculis
649 2999 747 3045 apice
769 3000 945 3040 recurvis,
984 2998 1107 3034 tabulis
1131 3007 1274 3045 anquste
1299 3000 1409 3035 ovatis
1434 2999 1546 3035 acutis
1569 2997 1747 3040 involutis,
