1824 3252
631 185 803 218 Duvalia.
855 183 1087 218 Fimbriatia.
1551 187 1622 218 555

369 303 402 334 3.
453 298 694 333 Duc-alia
718 296 1230 342 brectpedemculata
1255 294 1373 329 Mont.

205 370 250 403 D.
279 369 491 414 receptaculo
505 369 662 413 femineo
688 367 1007 414 bret-ipedzmeulato
1028 366 1293 413 plano-convexo
1309 364 1622 411 erenawpapzcloso

108 428 131 461 3
147 449 160 453 -
176 428 201 461 ‚5
218 449 232 453 -
251 441 364 474 carpo.
383 428 576 476 si·uet{f'ero
603 428 800 462 umbilicum
825 427 941 461 subtus
960 425 1216 472 pedimculoque
1241 423 1313 457 basi
1328 424 1442 464 vetulis,
1466 424 1622 470 calypti-a

102 488 235 531 (dobosa
271 488 521 526 minutissima,
548 487 679 532 fi‘onde
713 485 854 519 oboram
879 485 1137 519 membranacea
1163 484 1360 517 tenuissima
1386 483 1492 517 viridi
1515 483 1623 516 medlo

108 549 293 581 incrassata
318 559 457 593 epm-osa
482 547 637 590 maryz‘ne
663 552 885 579 tener-aseente
908 543 1067 579 venulam,
1099 543 1215 577 subtus
1239 544 1388 588 squamz's
1421 543 1515 576 raris*
1532 555 1621 588 pm·-

103 607 220 650 purez's
246 607 407 651 utrinque
431 606 562 639 vestita.

299 668 438 697 Duvalia
468 665 794 707 brevipedunculata
834 663 950 697 silom.
979 662 1074 697 oenc.
1103 663 1149 697 V.
1184 675 1218 696 n.
1245 664 1302 696 79.
1337 667 1370 694 et
1397 660 1574 704 Hist.fis.
1600 673 1623 705 y

382 733 455 757 nac.
481 724 520 756 (Ie
546 722 654 756 Clzz‘le.
682 729 707 756 t.
733 725 767 756 6.
784 722 822 767 f.
850 725 884 757 3.

203 793 359 826 Habitat
385 794 421 826 iu
451 793 559 834 Chili,
587 793 649 827 ubi
677 793 766 836 legit
792 794 836 828 cl.
866 794 962 837 Gay.

374 895 481 936 LX.
514 895 650 948 (XI.)
710 893 1097 939 Fimbriaria
1129 893 1189 935 N.
1223 895 1275 934 ab
1310 893 1361 934 E.

106 977 141 1009 in
170 976 261 1010 Hor.
283 977 384 1022 phys.
404 976 523 1010 Berol.
546 989 585 1022 p.
612 979 659 1010 45
684 983 718 1009 et
743 977 780 1009 in
796 973 913 1009 Lindl.
930 974 1065 1008 Introd.
1093 976 1142 1009 ed.
1169 978 1203 1009 2.
1224 987 1263 1020 p.
1288 977 1371 1009 414.
1422 976 1514 1022 Hep.
1531 977 1621 1011 Eur.

106 1035 173 1070 IV.
203 1048 240 1082 p.
269 1036 430 1071 XXXI.
457 1043 489 1069 et
515 1038 597 1069 259.
624 1049 657 1069 n.
690 1038 741 1069 ll.
803 1034 995 1068 Enclliclter
1022 1035 1109 1067 Gen.
1130 1046 1169 1079 p.
1195 1037 1241 1067 44
1276 1040 1308 1067 et
1336 1036 1439 1068 1337.
1475 1046 1510 1068 n.
1539 1037 1622 1069 464.

105 1095 189 1140 Spr.
220 1096 264 1129 L.
291 1103 322 1129 et
348 1096 412 1139 Ly.
441 1094 581 1128 Hiihen.
602 1093 780 1140 Bisclzqff.
806 1094 843 1126 in
870 1094 958 1126 Nov.
986 1092 1068 1127 Aet.
1100 1092 1168 1127 Ac.
1198 1093 1284 1126 Nat.
1315 1091 1399 1126 Cur.
1425 1092 1560 1128 XVII.
1587 1096 1621 1128 2.

99 1166 136 1198 p.
163 1157 245 1188 971.
272 1161 297 1189 t.
324 1157 384 1188 69.
401 1154 439 1199 f.
467 1158 501 1195 2,
528 1158 562 1188 3.
625 1154 767 1199 Taylor.
796 1153 1072 1196 Hypenantron
1105 1152 1220 1185 Corda
1245 1153 1282 1185 in
1310 1151 1418 1196 Opicz
1443 1151 1563 1187 Beier.
1592 1153 1621 1186 Ι.

99 1226 138 1258 p.
164 1217 246 1248 648.
298 1214 562 1255 Dictyoehiton
590 1213 707 1248 Corda
726 1213 838 1257 IlIspt.
888 1210 1149 1244 Marchantiae
1176 1221 1299 1253 specc.
1325 1210 1432 1245 Limz.
1459 1218 1490 1244 et
1515 1218 1621 1246 auctt.

201 1285 494 1329 Receptaculum
522 1283 720 1318 femineum
748 1281 1053 1326 pedunculatum,
1082 1281 1139 1315 vel
1168 1281 1340 1325 utrinque
1366 1281 1538 1324 planum,
1566 1283 1622 1316 vel

105 1354 312 1377 convexum
341 1350 406 1378 aut
430 1343 600 1377 conicum
628 1343 835 1385 subtusque
853 1350 1070 1380 concavum,
1098 1343 1499 1382 mono-tetracarpum‚
1519 1350 1619 1374 mar-

104 1400 190 1443 gine
215 1401 360 1445 integro
379 1403 544 1437 obiterve
571 1401 701 1436 inciso.
755 1399 996 1434 Pedunculus
1017 1398 1137 1432 frondi
1159 1398 1372 1440 continuus,
1398 1399 1482 1442 plus
1501 1399 1623 1433 minus

105 1460 574 1503 paleaceo-involucratus.
625 1460 823 1495 Involucr'a
845 1457 996 1502 propria
1027 1460 1185 1499 1-4-6‚
1211 1457 1368 1501 margini
1396 1458 1621 1501 receptaculi

105 1518 294 1561 continua,
321 1521 510 1562 tubulosa,
537 1519 680 1561 brevia,
707 1522 900 1557 truncata,
928 1516 1100 1550 deorsum
1126 1517 1334 1561 spectantia
1361 1517 1419 1551 vel
1448 1518 1624 1552 subhori-

107 1578 293 1621 zontalia,
337 1590 577 1623 monocarpa.
629 1576 888 1612 Periantbium
920 1576 1158 1619 prominens,
1196 1580 1372 1616 ovatum,
1420 1576 1622 1620 oblongum

106 1635 335 1678 couiwmve,
361 1638 469 1681 longe
489 1642 526 1671 et
544 1636 763 1680 regulariter
780 1635 884 1670 multi
905 1635 971 1677 (8-
992 1635 1277 1679 lG)—rimosum‚
1305 1634 1412 1679 apice
1427 1636 1621 1671 tubuloso-

109 1696 419 1738 mucronulatum‚
447 1697 512 1730 sed
540 1699 700 1739 augente
725 1696 848 1729 fructu
875 1694 1111 1735 multifidum,
1138 1694 1287 1728 laciniis
1314 1693 1420 1738 apice
1445 1706 1493 1729 ex
1518 1700 1624 1738 parte

109 1755 396 1789 cohaerentibus
434 1756 490 1789 vel
526 1755 676 1789 omnino
708 1754 858 1794 liberis,
897 1753 1254 1798 membranaceisss)
1316 1753 1495 1798 Calyptra
1529 1755 1624 1798 stylo

109 1814 217 1856 longo
245 1814 446 1853 instructa,
471 1815 539 1848 sub
567 1814 687 1848 fructu
716 1823 812 1856 pone
839 1812 1031 1855 capsulam
1058 1812 1196 1846 reiecta
1222 1813 1305 1856 plus
1332 1812 1456 1847 minus
1487 1824 1626 1848 evane-

109 1883 228 1905 scens.
282 1873 448 1917 capsula
483 1872 665 1907 involucri
705 1876 741 1905 et
774 1870 975 1915 perianthii
1008 1881 1141 1905 cavum
1176 1871 1258 1905 basi
1293 1871 1473 1916 implens,
1513 1876 1624 1914 tecta,

108 1937 240 1972 ovata,
274 1932 426 1975 globosa
445 1958 453 1973 ,
491 1943 604 1975 supra
632 1930 794 1965 medium
822 1929 998 1973 operculo
1024 1929 1242 1971 dehiscens,
1268 1930 1465 1964 reticulata
1491 1931 1621 1974 (cellu-

109 1991 228 2024 larum
255 1990 412 2034 simplici
454 1994 570 2025 strato
609 1990 750 2034 absque
787 1988 881 2022 fibra
926 1989 1133 2033 annulari),
1183 1989 1368 2034 pedicello
1407 1990 1625 2025 brevissimo

107 2051 342 2093 receptaculo
369 2050 554 2084 immerso.
604 2050 772 2083 Elateres
805 2048 1024 2092 plerumque
1052 2049 1204 2090 breves,
1244 2049 1398 2091 caduci,
1433 2049 1535 2084 uni·
1557 2049 1620 2083 bi-

106 2106 208 2150 spiri.
260 2108 410 2142 Semina
449 2108 583 2143 emissa
613 2120 679 2153 per
715 2107 834 2151 apicis
867 2107 1036 2140 tubulum
1075 2107 1133 2141 vel
1171 2118 1237 2151 per
1276 2108 1388 2142 rimas
1426 2108 1624 2152 perianthii

108 2166 309 2208 angulosa,
347 2168 532 2201 subtiliter
568 2167 783 2208 reticulata,
822 2165 1032 2208 marginata
1064 2169 1102 2199 et
1133 2165 1260 2199 tunica
1293 2166 1441 2209 duplice
1477 2166 1623 2200 vestita.

112 2224 298 2258 pistillum
325 2224 362 2259 in
389 2226 534 2270 singulo
560 2226 786 2270 receptaculi
813 2225 1006 2260 involucro
1033 2225 1231 2268 singulum,
1258 2226 1353 2269 stylo
1370 2226 1492 2269 longo.
1545 2225 1623 2260 Re-

107 2284 303 2327 ceptacula
323 2285 531 2319 masculina
548 2285 585 2319 in
603 2285 735 2319 eadem
750 2285 865 2329 stirpe
885 2288 971 2319 ante
989 2284 1242 2329 pedunculum
1265 2284 1370 2319 basin
1392 2295 1522 2320 versus
1539 2285 1622 2326 sita,

165 2440 198 2481 ἥ)
251 2440 360 2480 Origo
387 2438 569 2480 periantbii
599 2438 720 2469 eadem
748 2450 784 2469 ac
822 2439 853 2469 in
883 2437 1104 2469 Mai-ebantia.
1154 2438 1243 2469 Intra
1258 2438 1475 2470 involucrum
1492 2439 1623 2470 circum

248 2499 413 2541 pistillum
441 2498 604 2528 attollitur
641 2496 758 2535 tubus,
789 2505 905 2538 postea
931 2497 1163 2537 ventricosus,
1199 2496 1259 2528 sed
1286 2498 1624 2539 compressiusculus.

251 2557 370 2588 Stoma
405 2566 562 2600 apertum
599 2565 713 2588 manet
756 2565 788 2589 et
822 2558 979 2599 superior
1012 2564 1044 2586 et
1078 2564 1249 2588 contracta
1284 2554 1384 2586 huius
1411 2555 1522 2587 tubuli
1545 2567 1622 2599 pars

251 2623 367 2657 postea
394 2617 426 2646 in
454 2614 646 2658 periauthio
673 2615 878 2647 scmiadulto
906 2614 948 2646 ad
974 2616 1078 2646 instar
1102 2614 1280 2646 mucronis
1305 2613 1479 2657 perforati,
1516 2615 1623 2656 qualis

251 2675 283 2704 in
311 2674 562 2705 Frullaniarum
590 2673 791 2716 periantbio,
826 2674 1011 2717 reperitur,
1046 2673 1138 2704 unde
1164 2680 1255 2715 patet
1279 2672 1461 2715 perianthii
1486 2673 1623 2703 lacinias

251 2733 303 2763 vel
336 2731 498 2763 discretas
536 2733 588 2763 vel
627 2733 722 2774 apice
763 2741 923 2765 connatas
958 2733 1083 2774 speciei
1122 2731 1297 2774 diagnosin
1342 2732 1376 2762 in
1407 2731 1621 2762 Fimbriariis

252 2791 370 2821 sistere
398 2801 466 2820 non
494 2802 606 2833 posse.
655 2791 772 2823 Primo
801 2791 1028 2835 periantbium
1056 2803 1125 2822 non
1145 2792 1326 2830 rimosum,
1352 2794 1502 2821 selis-4
1516 2790 1621 2832 plicas

252 2849 412 2888 ostendit,
437 2848 549 2881 forsan
585 2851 612 2881 si
638 2852 864 2883 vent1·icosius
892 2852 943 2889 fit,
978 2851 1125 2881 normali
1159 2851 1250 2893 lege,
1285 2859 1348 2881 uec
1374 2848 1504 2880 fructus
1529 2847 1621 2880 mole

250 2915 404 2948 augente,
430 2909 525 2941 rimis
553 2915 571 2942 8
600 2909 754 2943 dehiscit.
806 2908 1014 2953 (Gousehe.)
