1824 3252
156 207 225 238 604
834 199 976 234 Riccia.

586 318 639 349 15.
677 315 862 349 uzecia
888 313 1128 359 ciliifera
1157 315 1266 349 Link.

256 388 304 422 R.
326 387 460 433 fronde
485 385 597 420 solida
627 384 1013 431 obowto—cuneq'formz’
1046 385 1153 431 bifida
1186 386 1444 428 canalia-ulam,
1482 388 1601 423 subtus
1634 389 1689 421 in·

156 455 307 482 crassata
334 445 519 485 concolor-e,
546 446 704 490 mar-cine
727 445 986 480 membranacea
1011 445 1134 480 ciliata
1160 445 1253 479 ciliis
1277 448 1444 488 conversis,
1470 456 1577 493 supra
1595 448 1691 482 hirta

155 516 217 542 avit
238 506 376 553 (flabra,
404 505 488 540 lobis
513 505 642 540 obtusis
667 505 809 540 obsolete
834 507 1073 552 emargsinatis.

348 568 459 599 Riccia
488 568 630 598 ciliifera
659 565 829 600 Lindenb.
858 566 958 600 Rice.
993 565 1016 600 l.
1042 578 1070 600 c.
1102 578 1137 612 p.
1164 568 1249 605 465,
1283 578 1316 599 n.
1350 568 1402 599 16.
1439 572 1463 599 t.
1488 568 1546 600 28.
1571 566 1610 611 f.
1639 566 1690 599 ΙΙ.

435 633 467 660 et
499 626 597 672 App.
625 638 664 672 p.
691 629 774 660 504.
810 626 833 660 f.
894 626 987 672 Hel).
1023 626 1114 660 Eur.
1143 639 1182 673 p.
1222 629 1303 664 119.
1338 637 1372 659 η.
1408 628 1442 659 6.
1502 626 1550 660 N.
1576 625 1619 659 ab
1645 625 1691 659 E.

435 686 529 731 Hel).
558 685 651 719 Eur.
681 686 749 719 IV.
773 698 811 732 p.
839 686 970 726 LXX,
996 689 1069 720 390
1093 694 1124 720 et
1151 690 1235 721 411.
1296 687 1489 730 Illontayne
1519 684 1556 718 in
1589 683 1693 717 Wehb

435 753 467 780 et
495 745 679 780 Bertlzelot
708 747 804 780 Hist.
833 746 906 781 Ins.
935 746 1023 780 Can.
1051 746 1136 781 Boc.
1156 759 1195 793 p.
1222 750 1280 781 66.

255 819 413 854 Habitat
447 817 483 851 in
512 817 707 851 Lusitania
743 817 889 861 (Link)‚
928 817 964 851 in
1001 822 1098 852 terra
1134 829 1293 852 arenosa
1330 817 1511 852 montium
1545 816 1693 851 insulae

156 880 356 921 Canariae,
384 878 604 919 Februario,
629 899 675 904 —-
703 878 740 912 in
768 879 847 912 solo
873 878 1072 912 vulcanico
1099 879 1235 913 detrito
1251 879 1431 913 montium
1458 877 1691 912 excelsorum

154 941 320 974 eiusdem
347 940 506 982 insulae,
533 938 741 972 Februario
768 938 1013 982 (Despreaux
1043 939 1078 972 in
1108 939 1184 973 Hb.
1213 940 1266 973 M.
1295 944 1331 972 et
1358 938 1435 983 N.).

403 1025 454 1057 16.
505 1023 690 1058 Βὶοείιι
717 1022 1195 1069 αῑῠο-Φηιιιῃὸπαῐα
1224 1022 1349 1056 Bisch.
1379 1021 1452 1056 Ms.

252 1095 301 1129 R.
325 1094 461 1139 fronde
493 1094 562 1128 late
596 1094 834 1128 canalia-alata
864 1094 1091 1140 planiuseula
1127 1093 1297 1127 coneolore
1330 1092 1580 1138 Υἱννιῃιιῖιινιῖει·
1613 1094 1691 1127 sub-

153 1156 366 1196 divhotoma,
408 1155 548 1188 lacinias
588 1154 814 1189 obtusissimis
854 1155 1052 1187 rotundatis
1091 1155 1256 1187 retusisre
1290 1154 1447 1197 maryine
1471 1153 1693 1187 adscendente

154 1216 318 1261 repamliS
343 1214 588 1249 subundulatis
612 1214 849 1248 membranula
875 1214 992 1250 albida
1019 1213 1175 1260 crispzda
1203 1215 1239 1246 in
1260 1214 1431 1259 payinum
1451 1213 1601 1258 ftvudt's
1633 1213 1693 1246 iu—

143 1276 314 1320 seriorem
337 1276 542 1309 decurrente
567 1275 791 1318 maryiuatis.

234 1335 268 1374 β,
294 1335 419 1375 maior,
449 1335 571 1367 froude
599 1336 732 1373 latiore,
759 1336 889 1366 laciniis
906 1333 1394 1367 brevior-Ibuslobisormibus.
1424 1331 1544 1365 Bisclt.
1566 1332 1603 1365 in
1621 1330 1691 1365 litt.

252 1405 295 1439 In
314 1405 577 1441 promontorio
604 1407 733 1441 Bonae
756 1406 845 1450 Spei
874 1406 1029 1440 sormam
1057 1419 1079 1438 οι
1107 1405 1196 1449 legit
1214 1405 1279 1438 Dr.
1296 1404 1441 1438 Krauss
1463 1403 1566 1437 Julio
1588 1405 1691 1437 1838.

158 1465 334 1500 Eiusdem
364 1466 502 1500 formae
528 1471 566 1500 et
593 1477 670 1501 var.
699 1473 721 1509 β
747 1465 954 1510 specimina
987 1465 1024 1499 in
1053 1469 1152 1500 terra
1179 1464 1341 1509 Capensi
1369 1465 1465 1498 lecta
1493 1463 1619 1497 retulit
1645 1463 1690 1496 cl.

157 1525 301 1570 Zeylier
327 1526 424 1567 (Hb.
455 1526 608 1570 Bisch.).

251 1585 407 1619 Frondes
433 1585 604 1628 gregaria
631 1590 864 1626 crescentes,
898 1585 1041 1619 ssbrillis
1078 1584 1202 1618 multis
1229 1589 1350 1618 terrae
1378 1584 1531 1625 affixae,
1565 1594 1584 1616 e
1613 1582 1692 1616 basi

156 1644 374 1686 angustiore
402 1645 478 1678 fere
506 1645 697 1690 aequilata
723 1645 909 1679 obovatae
937 1645 993 1679 vel
1021 1644 1294 1686 subrotundae,
1321 1644 1368 1678 ad
1388 1644 1534 1678 tertiam
1551 1647 1693 1687 partem

155 1710 264 1740 acute
292 1706 449 1747 bifidae,
483 1705 630 1739 laciniis
658 1705 802 1740 obtusis
830 1707 995 1748 integrlS,
1030 1705 1273 1748 emarginatis
1300 1705 1359 1739 vel
1385 1703 1511 1749 paullo
1536 1703 1690 1747 profun-

154 1764 238 1798 dius
266 1763 404 1799 incisis.
465 1765 577 1800 Color
603 1765 734 1800 viridis
770 1765 807 1799 in
837 1770 995 1811 utraque
1022 1765 1159 1810 pagina
1185 1764 1340 1799 frondis.
1400 1764 1519 1798 Frons
1541 1765 1696 1809 maryine

155 1825 407 1858 adscendente
427 1825 500 1859 late
521 1826 775 1859 canaliculata
790 1826 914 1861 medio
933 1825 1156 1867 incrassata,
1181 1826 1314 1860 subtus
1328 1824 1545 1859 membrana
1560 1824 1695 1858 vestita

155 1888 283 1917 tenera
310 1884 450 1924 albida,
478 1885 645 1928 margine
664 1889 839 1920 exstante
859 1886 914 1920 vel
932 1896 1047 1931 supra
1074 1885 1240 1920 frondem
1269 1884 1469 1919 convoluta
1490 1884 1691 1918 undulato-

156 1942 319 1987 crispula
346 1945 404 1977 vel
433 1944 567 1977 obtuse
594 1949 760 1981 crenata.

253 2003 380 2037 Affinis
408 2003 555 2037 Ricciae
575 2003 780 2044 Ιαηιεῖῖοεαε,
800 2005 866 2037 sed
889 2005 1106 2038 membrana
1131 2004 1273 2038 frondis
1288 2004 1464 2048 paginam
1480 2002 1693 2037 inferiorem

157 2067 305 2104 tegente
333 2074 406 2098 uon
432 2063 468 2096 in
497 2063 666 2098 lamellas
693 2063 835 2097 solutas
863 2063 981 2098 incisa
1006 2064 1255 2109 pluribusque
1273 2064 1371 2099 notis
1398 2064 1490 2098 satis
1505 2059 1694 2097 distincta.

698 2170 728 2192 c.
780 2157 913 2193 Subtus
938 2166 1150 2205 squamulae.

527 2235 580 2266 17.
633 2231 820 2266 Riccia
847 2240 1080 2267 concava
1107 2231 1233 2265 Bisch.
1261 2231 1335 2265 Ms.

258 2304 307 2338 R.
322 2304 456 2350 fronde
481 2303 644 2350 utrinque
665 2302 811 2348 ρῖαιιεα,
838 2304 928 2338 sicca
953 2302 1151 2344 albescente,
1167 2300 1419 2349 flabellijbrmi
1443 2305 1540 2337 tenui
1564 2303 1695 2338 canali-

159 2363 276 2397 culata
303 2361 329 2397 2
343 2383 358 2388 -
377 2362 405 2397 4
421 2363 524 2398 -Ioba
548 2363 750 2410 quandoque
773 2363 1074 2404 subsemistellata,
1103 2362 1187 2396 lobis
1219 2363 1331 2397 ovatis
1356 2362 1484 2397 obtusis
1507 2362 1562 2398 vel
1584 2376 1695 2398 emar-

155 2427 288 2471 yiuutz’s
327 2428 365 2460 'in
400 2426 524 2472 planta
556 2427 647 2459 sicca
684 2425 838 2459 concavis
874 2422 1188 2469 concluufformibus
1225 2422 1382 2468 maryine
1418 2420 1699 2456 adscendentibus

159 2485 279 2520 subtus
303 2486 432 2532 apicem
456 2498 572 2520 versus
596 2484 1007 2531 lamellato-squamosz's.

258 2545 302 2578 In
318 2545 452 2589 Capite
482 2546 613 2579 Bonae
641 2544 730 2589 Spei
758 2544 850 2579 locis
879 2543 1055 2585 humidis,
1083 2543 1120 2577 in
1145 2542 1248 2578 saxis
1274 2541 1466 2586 graniticis
1492 2541 1693 2584 decompo-

162 2604 244 2639 sitis
271 2605 361 2647 legit
388 2605 455 2638 Dr.
483 2604 630 2638 Krauss
658 2615 757 2638 anno
788 2608 879 2639 1838
905 2604 1002 2643 (Hb.
1031 2602 1186 2647 Bisch.).

258 2664 416 2708 Species
442 2675 461 2697 e
489 2664 693 2698 maioribus
720 2665 880 2706 generis,
909 2665 1023 2698 forma
1047 2663 1217 2698 loborum
1238 2661 1532 2697 distinctissima.
1583 2662 1698 2708 Squa-

162 2723 276 2758 mulae
302 2724 451 2759 albidae
478 2724 515 2758 in
542 2725 674 2769 planta
699 2724 800 2758 sicca
825 2723 1109 2768 superficialiter
1144 2723 1323 2767 adspecta
1359 2722 1468 2757 facile
1495 2731 1562 2766 pro
1588 2719 1700 2755 meris

163 2784 259 2818 ciliis
286 2784 484 2818 habentur.
539 2783 664 2818 Bisch.
693 2782 730 2816 in
757 2783 828 2818 litt.

262 2845 405 2879 Ricciae
431 2843 752 2889 albo-maryinatae
778 2844 800 2884 β
826 2843 954 2877 malori
979 2847 1015 2877 et
1043 2843 1094 2877 R.
1121 2840 1316 2877 lamellosae
1341 2841 1482 2883 similis,
1511 2840 1578 2875 sod
1604 2840 1699 2875 lobis

165 2904 286 2938 ovatis
313 2904 422 2937 valde
449 2903 701 2948 concavisstb
728 2908 908 2948 utraque,
943 2903 1100 2936 lamellis
1126 2914 1147 2937 a
1174 2901 1297 2947 priore
1323 2901 1529 2946 iisdemque
1556 2900 1695 2935 solum-

167 2964 275 2998 modo
304 2965 348 2998 ad
378 2965 520 3008 apicem
550 2964 700 3008 plantae
727 2962 847 2998 obviis
876 2963 922 2996 ab
948 2963 1062 2996 altera
1092 2961 1218 3007 specie
1243 2962 1391 2997 diversa
1418 2967 1486 2996 est.
