1824 3252
757 152 960 188 Frullania.
1556 157 1620 189 771

201 265 397 309 caespites
437 265 590 308 minuti,
640 266 778 311 pallide
820 264 1182 302 olivaceo-virides.
1254 265 1377 299 caules
1410 265 1628 309 pollicares;

105 324 197 358 rami
227 326 379 366 breves,
415 330 598 369 patentes.
655 326 762 360 Folia
788 327 998 360 humectata
1028 324 1335 365 semivesticalia,
1369 325 1499 359 leviter
1534 337 1624 360 con-

103 393 217 423 cava,
256 384 293 417 in
333 384 443 418 dorso
477 384 565 418 folia
603 396 715 429 supra
752 387 895 420 caulem
930 386 1186 430 producuntur
1214 385 1251 418 in
1284 396 1497 429 processum
1525 397 1626 420 com-

106 444 293 486 planatum
337 445 536 478 rotundum
579 449 616 479 et
652 446 872 486 incurvum,
908 445 1034 491 itaque
1063 456 1147 478 eum
1174 445 1459 488 amplectuntur.
1523 446 1629 480 Folia

104 502 334 537 involucralia
360 504 531 546 rotunda,
559 515 736 546 recurva;
765 506 930 539 auricula
959 505 994 538 in
1015 505 1179 539 lobulum
1197 509 1358 538 erectum
1381 504 1629 539 lanceolarum

104 562 279 597 interiore
319 565 485 607 margine
525 564 717 598 dentatum
758 566 983 608 explanata,
1031 563 1337 608 amphigastrium
1385 564 1630 598 lanceolatum

106 622 256 655 bifidum
284 623 484 666 segmentis
519 623 694 657 dentatis.
746 624 997 658 Per-ianthium
1029 623 1286 666 conspicuum,
1313 622 1631 666 longitudinaliter

104 681 297 724 plicatum,
326 682 542 725 praesertim
570 688 711 717 ventre.

205 753 341 787 Difl'ert
369 765 388 786 a
417 754 485 787 Fr.
512 753 735 799 squarrosula
761 752 859 786 foliis
885 752 1006 786 minus
1029 752 1256 793 imbricatis,
1281 751 1458 786 auriculis
1482 752 1628 794 longio-

108 813 231 853 ribus,
272 814 622 857 amphigastriorum
664 812 864 856 segmentis
898 812 1153 853 subdentatis,
1192 816 1229 844 et
1262 812 1469 855 perianthio
1496 812 1632 846 oblon-

106 872 207 915 giore
243 873 436 917 magisque
472 874 667 914 carinam,
709 872 816 906 cuius
856 872 971 905 tubus
1007 872 1160 915 apicalis
1203 882 1350 915 quoque
1385 871 1527 914 longior
1562 876 1630 908 est.

108 933 262 975 (Taylor
290 933 312 966 l.
341 935 392 975 c.)

106 1035 141 1068 p.
170 1027 252 1058 412.
338 1038 347 1044 =
375 1027 408 1058 4.
460 1025 751 1059 Eminentia
776 1023 1343 1066 Sebastitmopolitana
1369 1022 1487 1066 Ldbg.

108 1095 214 1128 Adde
242 1095 481 1130 varietatem:

178 1165 215 1193 Ψ,
251 1155 441 1194 ἰιιηιίῐῖιιῖιι,
481 1157 570 1187 soliis
609 1157 702 1197 apice
731 1156 861 1185 inflexis
889 1162 921 1185 et
947 1154 1060 1196 paullo
1096 1154 1217 1184 arctius
1253 1154 1460 1193 imbricatis,
1493 1158 1632 1198 perian-

253 1215 330 1246 thiis
358 1216 572 1246 brevioribus
602 1224 632 1246 et
659 1214 837 1245 latioribus
864 1212 1013 1254 ideoque
1042 1224 1120 1244 cum
1148 1213 1325 1245 involucro
1347 1213 1498 1244 habitum
1526 1216 1631 1245 tumi—

254 1275 386 1305 diorem
417 1274 653 1305 efficientibus.

206 1344 367 1379 Habitat
405 1344 497 1377 haec
534 1354 612 1377 var.
653 1354 677 1382 ’γ
716 1342 752 1375 in
792 1341 1010 1376 Columbiae
1048 1340 1243 1384 provincia
1285 1340 1432 1375 Merida
1478 1341 1633 1385 (Moritz

107 1416 143 1438 n.
175 1408 242 1439 156
267 1405 304 1438 in
333 1403 408 1437 Hb.
439 1403 532 1446 Reg.
563 1402 715 1447 Berol.).

208 1476 358 1519 Digyna
383 1475 442 1509 vel
470 1475 631 1517 trigyna.
682 1473 933 1506 Periantltiwn
960 1472 1068 1506 tertia
1097 1476 1203 1515 parte
1229 1470 1471 1514 longitudinis
1490 1475 1633 1504 tanturn

110 1547 157 1569 ex
185 1536 379 1569 involucro
407 1543 619 1575 emergens,
659 1533 769 1566 dorso
803 1532 1075 1571 unimlcatum,
1112 1535 1237 1564 ventre
1272 1531 1345 1563 alte
1372 1530 1634 1565 bicarinaturn.

108 1594 215 1628 Folia
241 1592 467 1627 involucralia
494 1591 745 1634 integerrima,
772 1592 903 1624 latiora
930 1602 973 1624 ao
999 1590 1036 1623 iu
1062 1590 1192 1633 planta
1218 1589 1375 1633 vulgari.

206 1665 342 1698 Forma
371 1664 536 1706 vulgaris
571 1664 666 1696 lecta
701 1673 849 1707 quoque
883 1661 920 1695 in
946 1661 1054 1695 terris
1082 1661 1297 1695 Mexicanis
1325 1662 1371 1694 ad
1399 1660 1567 1694 Mirador
1599 1665 1637 1693 et

110 1726 311 1769 Tlapacojo
338 1724 568 1767 (Liebman).

110 1829 146 1862 p.
175 1821 257 1852 413.
475 1820 510 1850 5.
562 1816 852 1850 Pruna-nia
879 1813 1115 1848 arietina
1139 1812 1287 1855 Taylor.

207 1889 315 1923 Adde
344 1888 517 1922 Patriae:
565 1885 763 1920 Columbia
791 1884 835 1917 ad
865 1883 1002 1927 Caripe
1029 1883 1187 1925 (Moritz
1213 1882 1249 1916 in
1281 1882 1356 1916 Hb.
1386 1882 1478 1924 Reg.
1512 1882 1636 1916 Berol.

113 1962 146 1983 υ.
173 1952 250 1993 90.)
283 1952 320 1982 et
347 1947 523 1986 Mexico,
560 1945 623 1978 ubi
658 1945 704 1977 ad
732 1944 864 1987 Colipa
900 1943 995 1976 lecta
1029 1948 1115 1976 sunt
1148 1941 1372 1986 specimina,
1412 1940 1635 1984 quibusdam

112 2009 208 2042 notis
251 2008 296 2041 ad
336 2006 564 2039 Frallam'am
605 2002 1002 2048 ,δῖ-ἔπιε(ιἰιηυμοῖὶταηαηι
1040 2001 1280 2042 accedentia,
1325 1999 1513 2044 plerisque
1550 2010 1637 2033 vero

112 2079 194 2102 cum
222 2065 412 2101 Frullauia
438 2065 587 2099 arietina
613 2062 875 2098 convenientia
903 2061 999 2104 (Hb.
1027 2061 1240 2103 Liebman).

114 2171 148 2204 p.
175 2163 257 2194 413.
459 2160 493 2191 6.
544 2155 834 2191 Frullcmtim
859 2153 1106 2188 Eclclonii
1132 2153 1289 2196 Spreng.

210 2230 312 2263 Inter
350 2228 557 2272 specimina
591 2227 702 2260 huius
736 2224 874 2270 speciei
902 2225 939 2258 in
970 2221 1229 2257 promontorio
1258 2223 1387 2256 Bonae
1416 2212 1638 2265 Spei-lecta

114 2294 316 2334 sequentes
343 2288 482 2321 formae
509 2286 809 2329 distinguuntur:

185 2362 218 2383 α.
258 2347 457 2388 robustior,
483 2345 580 2380 foliis
606 2344 815 2385 latioribus,
842 2342 1132 2377 involucralibus
1158 2339 1264 2383 apice
1291 2339 1435 2382 longius
1461 2339 1638 2380 dentatis,

260 2406 438 2441 auriculis
463 2405 681 2439 maioribus.

187 2468 218 2503 b.
255 2467 428 2505 tenerior,
455 2464 552 2498 soliis
580 2462 832 2506 auriculisque
857 2461 1074 2502 minoribus,
1102 2460 1199 2495 foliis
1220 2459 1513 2493 involucralibus
1535 2457 1640 2502 apice

261 2526 439 2561 dentibus
466 2527 489 2558 6
517 2544 532 2549 -
562 2526 583 2557 7
611 2521 845 2557 subserratis.

117 2587 301 2622 Addenda
329 2595 457 2630 porro:

211 2657 289 2680 var.
318 2646 339 2683 β
364 2643 552 2688 rqfescms,
581 2642 740 2673 auriculis
768 2641 931 2672 soliorum
959 2639 1131 2670 nonnullis
1157 2634 1478 2673 lunato-rostratis,
1501 2634 1639 2677 perian-

262 2705 340 2737 tlriis
367 2707 481 2736 minus
508 2703 653 2746 plicatis.

215 2775 377 2809 Habitat
411 2774 457 2808 ad
486 2773 650 2807 Caracas
678 2768 909 2804 Columbiae.
949 2767 1104 2809 (Moritz
1140 2777 1175 2801 n.
1202 2769 1249 2800 85
1275 2765 1351 2798 Hb.
1380 2764 1475 2806 Reg.
1497 2761 1641 2806 Berol.)

119 2837 211 2871 Var.
239 2845 260 2864 α
296 2833 384 2877 legit
417 2843 567 2878 quoque
600 2832 646 2866 cl.
672 2830 854 2865 Liebman
889 2827 935 2862 ad
964 2826 1249 2870 Sempoaltepec
1276 2830 1313 2857 et
1340 2823 1451 2857 aliam
1484 2823 1640 2856 sormam

118 2894 415 2941 Junyermanniae
429 2893 559 2927 Arecae
579 2892 736 2935 Spreng.
763 2888 985 2924 simillimam
1016 2885 1063 2921 ad
1081 2883 1330 2919 Huctumalco
1343 2881 1638 2942 Mexicanorum.

1275 2964 1370 2997 49*
