1824 3252
132 204 203 236 572
774 194 1010 230 Fimbriaria.

231 315 337 348 Obs.
390 310 632 346 Fimbriariae
659 320 796 343 venosae
821 312 858 342 et
886 308 1042 343 Clcilensi
1067 308 1208 350 affinis;
1251 320 1271 342 a
1298 308 1505 353 posteriore
1533 309 1660 344 fronde

131 373 294 416 oblonga
321 376 358 406 et
383 368 602 415 perianthiis
635 367 826 401 multifidis
862 368 1045 408 discedit;
1085 379 1105 401 a
1132 368 1179 401 F.
1206 380 1345 410 venosa,
1380 369 1440 403 cui
1474 370 1659 414 proxima,

132 432 278 465 differre
306 430 470 464 videtur:
499 427 628 462 fronde
656 427 778 461 minus
804 437 959 468 venosa,
985 432 1130 461 statura
1156 428 1283 471 paullo
1302 427 1454 470 minore,
1481 435 1518 463 et
1543 440 1657 474 squa-

130 490 313 523 mularum
347 487 571 522 ventralium
605 487 840 530 praeseutia,
881 497 978 531 quae
1014 491 1138 521 tamen
1173 498 1304 521 omnes
1339 491 1449 522 notae
1485 486 1661 520 levissimi

129 548 304 582 momenti
331 546 541 581 censendae
568 550 674 587 sunt,
710 551 750 580 ut
787 546 989 589 „omnibus
1017 547 1085 581 rite
1112 546 1329 590 perpensis,
1366 551 1489 580 utrum
1516 546 1661 589 species

128 607 290 650 genuina
319 607 377 647 sit,
409 617 456 639 an
485 616 587 640 mera
615 605 778 640 varietas
806 606 852 641 F.
879 617 1020 639 venosae
1046 605 1184 639 dubius
1212 606 1385 640 haeream
1412 609 1449 638 et
1476 603 1513 637 in
1540 603 1661 638 medio

130 676 203 699 rem
231 665 412 699 incertam
441 666 689 710 relinquam.“
740 666 998 710 (Montagne.)

446 773 506 806 22.
557 770 887 806 Fimbriwria
912 769 1184 816 Africana
1219 769 1337 803 Mont.

225 841 271 875 F.
286 841 423 887 fmnde
447 841 631 876 latiuscula
667 841 957 876 lineari-cuneata
987 842 1100 876 hiloba
1123 841 1347 876 subcarinata
1376 838 1497 873 subtus
1529 837 1662 884 oblique

126 903 430 942 renoso-seriata,
464 903 616 947 squamis
642 901 978 950 brevibus-oblongis
1003 908 1064 935 aut
1090 900 1447 941 ovato-acuminatis,
1471 897 1661 944 pedunculo

127 958 201 992 basi
225 961 384 1006 apic-eque
408 962 500 995 nudo
524 961 707 1001 striatulo,
741 961 951 1007 receptaculo
972 961 1130 1006 finzineo
1163 972 1309 996 convexo
1333 958 1516 992 umbomtto
1539 969 1661 1001 ‘ru-(soso

125 1019 173 1051 ad
194 1021 344 1054 medium
369 1032 474 1065 usque
498 1021 627 1066 quadri
636 1041 648 1045 -
677 1021 821 1064 (rarius
845 1021 1019 1067 quinque·
1046 1020 1098 1055 vel
1119 1021 1228 1065 se41·-)
1255 1018 1327 1052 lobo
1360 1016 1479 1052 subtus
1514 1016 1661 1050 breviter

126 1077 288 1117 barbato,
341 1081 552 1125 per-ianthiis
597 1080 803 1115 brevissimis
849 1080 1021 1114 subm-atis
1061 1079 1149 1114 albis
1185 1079 1324 1122 sestfidc‘s
1364 1076 1500 1110 laciniis
1541 1082 1659 1109 ovato-

126 1137 404 1183 triauyularibns
428 1139 601 1174 subulatis
626 1147 765 1174 mature
789 1139 923 1183 solutis.

318 1199 524 1232 Fimbriaria
550 1200 713 1232 Africana
752 1199 868 1233 Illoue.
908 1201 945 1233 in
979 1197 1082 1232 Webb
1113 1205 1144 1231 et
1172 1196 1328 1231 Bertlaeel.
1358 1196 1481 1230 Deser.
1517 1197 1574 1230 cles
1601 1194 1660 1228 iles

407 1258 540 1293 Canar.
569 1258 655 1293 Boe.
684 1258 747 1292 Pl.
773 1258 847 1292 cell.
872 1271 909 1304 p.
936 1261 995 1293 61.
1024 1266 1048 1292 c.
1075 1258 1165 1303 3.f.
1193 1260 1227 1291 2.

318 1318 523 1350 Fimbriaria
552 1319 757 1350 intermedia
794 1318 909 1353 Dlonc.
939 1318 1061 1365 Crypt.
1091 1317 1215 1362 Alyer.
1245 1319 1281 1350 in
1311 1317 1406 1350 Amt-
1435 1317 1489 1350 (les
1513 1328 1556 1350 sc.
1585 1323 1657 1349 nat.

404 1380 438 1411 2.
467 1376 546 1411 Se‘r.
575 1377 628 1411 X.
658 1378 801 1421 (1838.)
824 1390 861 1424 p.
886 1381 970 1412 334.
997 1390 1032 1412 u.
1064 1381 1141 1411 134.

316 1437 525 1470 Rliacotbeca
553 1438 715 1470 Africana
744 1436 915 1483 Biscltqff'
933 1438 969 1471 in
993 1437 1134 1471 schedis.

222 1509 381 1544 Habitat
416 1511 452 1544 in
490 1511 629 1545 Insulis
665 1512 837 1546 Canariis
878 1513 1019 1555 (Webb
1056 1517 1092 1545 et
1131 1510 1338 1553 Berthelot)
1381 1515 1417 1544 et
1444 1510 1480 1544 in
1511 1509 1658 1554 Algeiia

123 1567 289 1610 (Gouget
317 1570 352 1603 in
383 1571 458 1605 Hb.
489 1571 571 1615 M.).

222 1641 418 1685 Caespites
446 1643 541 1677 latos
568 1643 665 1678 laete
693 1643 830 1678 virides
849 1643 895 1677 ad
912 1648 1047 1677 terram
1068 1643 1249 1677 efformat.
1301 1641 1493 1676 Frondes4
1512 1662 1526 1668 -
1545 1645 1568 1676 6
1595 1642 1657 1676 lin.

124 1698 270 1742 longae,
292 1701 358 1738 Ιὲ-
373 1705 395 1735 2
412 1702 475 1736 lin.
493 1703 605 1744 latae,
635 1715 654 1738 e
671 1704 751 1738 basi
769 1709 931 1747 angusta
948 1703 1080 1737 lineari
1096 1702 1216 1745 magis
1239 1700 1434 1745 magisque
1448 1712 1656 1746 expansae,

123 1765 327 1801 (mimatae,
371 1761 417 1795 ad
457 1762 620 1796 medium
654 1762 813 1801 bifidae,
848 1774 895 1796 ex
933 1762 1040 1806 apice
1082 1761 1316 1805 emarginato
1350 1761 1656 1795 innovationibus

122 1818 375 1861 continuatae,
391 1822 714 1863 membranaceae,
730 1823 826 1857 lacte
844 1822 994 1861 virides,
1017 1821 1247 1865 marginibus
1269 1821 1536 1854 subundulatis
1563 1831 1653 1854 con-

122 1878 308 1913 coloribus
337 1881 392 1913 vel
422 1880 507 1914 hinc
533 1881 620 1915 inde
648 1882 818 1926 inprimis
834 1881 978 1925 apicem
996 1891 1125 1914 versus
1148 1880 1288 1915 frondis
1307 1891 1495 1924 purpureo
1517 1880 1656 1919 tinctis,

123 1940 223 1968 costa
244 1948 415 1973 convexa
432 1941 564 1974 subtus
582 1952 804 1985 percursae;
824 1941 987 1975 iuniores
1005 1942 1178 1985 utrinque
1196 1940 1333 1974 virides
1349 1940 1514 1984 squamis
1534 1945 1656 1974 tectae

125 1994 311 2037 brevibus,
338 1999 521 2042 oblongis,
556 2000 621 2033 vix
651 2005 716 2033 aut
744 2004 959 2033 antrorsum
986 1999 1215 2039 imbricatis;
1251 1999 1456 2033 adultiores
1488 1999 1654 2042 squamis

122 2055 243 2087 ovatis
276 2055 383 2099 apice
411 2063 557 2092 tantuin
592 2060 650 2093 vel
678 2059 766 2093 totis
798 2058 1015 2102 purpureis,
1051 2057 1257 2091 maioribus
1291 2057 1494 2098 marginem
1530 2062 1654 2091 tamen

123 2124 314 2158 nunquam
342 2116 612 2158 attingentibus
641 2119 810 2152 vestitae.
863 2117 1090 2151 Pedamculas
1107 2128 1127 2151 e
1142 2117 1225 2151 sinu
1245 2116 1549 2159 emarginaturae
1568 2127 1654 2160 pro-

122 2173 308 2215 grediens,
327 2178 376 2209 6-
391 2179 410 2210 8
424 2176 543 2211 lineas
568 2178 619 2221 (in
640 2179 793 2221 specim.
813 2177 887 2211 Hb.
907 2177 945 2211 L.
968 2179 992 2210 2
1007 2177 1176 2221 pollices)
1195 2176 1342 2219 longus,
1356 2175 1563 2216 striatulus‚
1576 2176 1653 2210 basi

123 2232 304 2277 apiceque
333 2236 465 2278 nudus,
494 2237 637 2279 viridis,
665 2237 886 2282 pellucidus,
914 2238 1063 2271 demum
1091 2236 1230 2270 fuscus.
1268 2235 1537 2281 Receptaculum
1553 2236 1655 2270 femi-

122 2301 232 2325 neum
263 2294 627 2337 vi2idi-suscescens,
654 2307 879 2335 convexum,
907 2296 1046 2330 vertice
1069 2299 1240 2339 porrecto
1257 2295 1655 2337 tuberculato-rugoso

121 2351 379 2392 umbonatum,
407 2356 540 2389 subtus
567 2356 684 2400 paleis
715 2355 946 2390 brevissimis
977 2355 1128 2399 pallidis
1157 2355 1376 2394 barbatum,
1417 2354 1463 2388 ad
1491 2355 1654 2388 medium

123 2421 241 2455 usque
267 2414 528 2456 quadri-raro
564 2415 919 2460 quinquelobatum,
963 2415 1056 2449 iobis
1092 2415 1313 2448 obcuneatis
1340 2413 1654 2456 subemarginatis

121 2471 369 2515 crcnatisque.
412 2474 623 2508 Perianchia
650 2475 886 2515 brevissima,
913 2475 1233 2518 subdivengentia,
1252 2475 1329 2508 suis
1348 2473 1443 2508 lobis
1462 2473 1652 2516 paululum

120 2528 299 2570 longiora,
317 2533 514 2573 suborata,
539 2533 816 2578 albo-liyalina,
843 2534 929 2568 dein
953 2534 989 2567 in
1007 2534 1165 2568 lacinias
1183 2544 1248 2567 sex
1266 2533 1653 2570 ovato-acuminatas.

120 2588 315 2624 subulatas
353 2591 534 2636 disrupta.
587 2593 758 2640 Calyptm
786 2595 984 2628 tenerrima
1020 2605 1069 2627 cx
1105 2593 1238 2627 areolis
1273 2591 1480 2634 hexagonis
1507 2592 1653 2635 magnis

121 2654 317 2690 constans,
365 2657 508 2686 mature
549 2658 658 2696 rupta
699 2660 735 2687 et
770 2655 839 2688 sub
887 2654 1029 2688 fructus
1069 2652 1282 2686 maturitate
1320 2662 1418 2695 pone
1461 2652 1651 2694 capsulam

122 2707 259 2742 reiecta
286 2710 495 2755 latensque.
549 2712 697 2758 Copszda
726 2714 880 2755 globosa
910 2712 1146 2752 suhsessilis,
1184 2711 1367 2755 pedicello
1395 2710 1536 2745 scilicet
1563 2711 1648 2744 bre-

122 2765 273 2801 vissimo
306 2769 426 2803 instar
463 2770 625 2814 papillae
659 2772 977 2816 hemisphaericae
1003 2772 1254 2811 conformato,
1284 2771 1399 2805 fundo
1427 2770 1650 2813 receptaculi

121 2824 273 2865 inserta,
301 2828 576 2871 cirrium-cissa,
600 2842 619 2864 e
636 2830 1061 2873 cellulisirregularibus
1080 2833 1299 2876 composita,
1328 2834 1444 2867 fusca.
1496 2832 1653 2865 Elam-es

121 2885 302 2927 flexuosi,
351 2889 593 2931 luteo·fusci‚
641 2890 819 2934 adpresse
857 2890 999 2933 dispiri,
1065 2891 1207 2925 Samum
1248 2892 1650 2936 globoso-polyedra,

122 2946 338 2980 tenuissime,
367 2953 402 2981 et
430 2950 582 2992 pulchre
612 2951 789 2991 att-olata,
818 2950 1148 2986 fusco-brunum.
