1824 3252
786 193 1031 238 Plagiochila.
1577 197 1649 229 635

125 311 290 350 descente,
327 319 423 354 quae
449 319 537 343 vero
564 307 687 342 differt
713 307 810 342 foliis
837 306 1116 351 angustioribus
1143 305 1288 347 nitidis,
1321 305 1463 340 minore
1491 307 1647 347 statura,

127 369 238 404 ramis
265 368 384 411 magis
411 368 552 412 rigidis.
604 367 666 401 Pl.
683 367 923 402 subcontracta
950 367 1076 400 habitu
1102 366 1244 407 similis,
1270 364 1511 408 distinguitur
1537 363 1645 399 solio-

127 440 206 462 rum
235 429 352 463 forma
378 433 414 462 et
441 427 745 462 denticulatione.

127 532 161 565 p.
187 524 246 555 33.
369 524 413 554 21
439 531 471 555 e.
511 521 854 567 Plagioehila
878 519 1118 566 riyitlulw
1143 517 1264 561 Ldbg.
1291 520 1328 550 et
1354 517 1400 553 G.

224 592 286 626 Pl.
313 592 408 626 caule
432 600 587 638 repente,
626 593 736 626 ramis
761 592 879 625 erectis
904 591 1092 624 dichotome
1124 590 1242 624 divisis
1275 589 1486 635 ramulisque
1519 589 1651 623 strictis

128 651 251 695 riyidis
283 651 531 698 fasciculatis,
570 650 676 697 foliis
721 651 970 696 adproximatis
1014 652 1180 695 patenti-
1199 649 1450 693 diveryenlibus
1495 648 1650 692 oblonyo-

128 710 287 756 elliptiee's
313 711 409 755 Ionye
436 711 696 745 decurrentibus
728 711 886 754 mar-cline
917 708 1046 742 dorsale·
1077 707 1261 754 subreflecco
1294 707 1535 752 inteyerrimffi
1569 718 1648 740 ven—

129 770 215 803 trali
247 772 293 804 acl
323 772 453 816 apicem
486 771 644 816 apieeque
677 770 749 816 ipso
783 768 1008 814 inaequaliter
1041 769 1190 801 dentatis
1222 766 1416 809 subacutis,
1449 767 1580 812 fructu
1613 767 1651 800 in

128 830 274 864 ramulis
300 830 477 864 terminali
502 830 555 863 ‘cel
578 831 613 863 in
639 829 845 864 dichotomia
869 827 991 868 ses-sili,
1010 826 1212 873 pericmtln'o
1238 827 1294 859 vix
1319 831 1503 870 emeryente
1513 823 1652 858 obovato

129 901 187 921 ore
211 888 451 931 subbilablccto,
478 888 578 922 labiis
603 890 715 923 aculis
739 887 1059 934 spinoso-dentatis,
1087 886 1143 920 ala
1170 893 1321 930 anyzcsta
1345 886 1481 919 inermi.

229 959 387 992 Habitat
422 961 458 992 in
497 959 716 994 Columbiae
757 959 912 995 Colonia
948 959 1089 998 Tovar,
1129 957 1229 990 unde
1269 956 1393 990 attulit
1431 956 1476 990 cl.
1513 955 1650 990 Moritz

130 1019 220 1063 (Hb.
252 1020 344 1062 Iteg.
376 1019 497 1053 Berol.
526 1030 561 1054 n,
588 1021 675 1063 91.).

225 1091 336 1125 Rami
364 1090 619 1134 bipollicares‚
647 1090 777 1129 erecti,
805 1089 932 1133 rigidi,
961 1088 1171 1122 dichotome
1198 1085 1327 1128 divisi;
1367 1086 1499 1119 ramuli
1533 1084 1646 1119 fasci-

131 1149 244 1183 culati
278 1149 409 1190 stricti,
446 1149 689 1184 rufescentes.
742 1149 849 1182 Folia
886 1148 1172 1191 adproximata‚
1208 1145 1401 1190 superiora
1434 1145 1553 1188 magis
1588 1145 1646 1178 di-

132 1209 282 1249 stantia,
310 1207 1104 1253 oblongo-elliptica‚patenti-divergentia,
1126 1206 1357 1246 subdessexa,
1384 1205 1465 1238 basi
1481 1215 1650 1238 convexa

130 1270 238 1310 longe
273 1268 530 1309 decurrentia,
572 1269 740 1311 margine
774 1268 912 1301 dorsali
948 1266 1159 1300 subressexo
1192 1264 1451 1309 integerrimo,
1494 1263 1650 1297 ventrali

132 1327 209 1360 basi
243 1338 390 1371 quoque
422 1327 660 1370 integerrimo
698 1327 743 1360 ad
771 1327 914 1370 apicem
941 1337 1029 1360 vero
1055 1324 1304 1370 inaequaliter
1337 1325 1509 1364 dentato,
1545 1322 1652 1366 apice

130 1385 503 1429 ‹lentato-spinuloso
529 1386 789 1420 obtusiusculo
827 1386 885 1420 vel
920 1386 1032 1418 dente
1060 1396 1134 1419 uno
1160 1384 1318 1425 maiore,
1351 1388 1483 1424 acuta,
1516 1381 1651 1415 lineam

130 1447 261 1488 longa,
307 1445 537 1479 semilineam
577 1446 673 1487 lata,
717 1445 886 1479 siccitate
925 1445 1155 1488 (praesertim
1194 1443 1403 1488 superiora)
1447 1445 1654 1476 contracta.

132 1501 236 1536 Folia
262 1502 493 1538 1ιἠτοῖῑιοναῖία
519 1510 661 1548 erecta,
698 1505 859 1546 maiora,
896 1505 1063 1547 margine
1090 1504 1228 1538 dorsali
1254 1503 1363 1536 valde
1391 1502 1528 1535 reflexo
1553 1511 1650 1534 uno-

133 1563 295 1596 alterove
322 1563 433 1598 dente
461 1569 623 1607 armato,
651 1565 756 1609 apice
784 1564 931 1607 longius
959 1563 1276 1597 dentato-ciliato.
1329 1560 1547 1595 Invenimus
1574 1563 1650 1593 ter-

132 1622 223 1655 tium
251 1622 377 1656 solium
403 1624 631 1657 involucrale
659 1628 814 1668 utroque
841 1623 1007 1665 margine
1033 1623 1345 1667 aequedentatum
1372 1621 1478 1664 apice
1504 1619 1650 1652 bilobo-

132 1682 307 1723 dentato,
351 1687 388 1716 et
424 1683 545 1717 medio
571 1694 798 1724 concavum,
840 1683 937 1727 quod
967 1682 1234 1726 amphigastrio
1260 1680 1360 1714 haud
1389 1677 1557 1712 absimile
1583 1679 1652 1710 est.

130 1740 378 1773 Perz‘antlzium
406 1741 638 1775 involucrum
664 1742 764 1775 haud
789 1753 971 1786 superans
987 1743 1201 1782 obovatum‚
1228 1751 1290 1774 ore
1312 1737 1653 1777 subaouminatum‚

129 1799 376 1844 inaequaliter
402 1801 802 1845 spinoso-dentatum,
831 1802 889 1835 ala
917 1806 1076 1844 angusta
1103 1799 1248 1834 inermi.

227 1871 363 1905 Differt
390 1883 410 1905 a
434 1872 495 1906 Pl.
514 1873 776 1918 (listinctg'foliat
803 1872 1083 1909 ramificatione„
1111 1871 1207 1904 foliis
1235 1871 1341 1912 longe
1369 1866 1654 1902 decurrentibus

131 1931 296 1973 margine
326 1931 480 1965 ventrali
509 1943 582 1966 non
611 1933 760 1966 reflexis
786 1932 910 1965 minus
936 1931 1119 1972 dentatis;
1162 1930 1329 1964 foliorum
1367 1929 1482 1962 forma
1510 1925 1655 1960 accedit

131 1989 177 2022 ad
208 1989 268 2023 Pl.
285 1990 561 2036 fromleseentem
595 1993 658 2025 sed
696 1991 936 2035 distinguitur
967 1991 1066 2024 foliis
1103 1990 1200 2024 haud
1238 1989 1383 2028 nitidis,
1418 1985 1654 2021 inferioribus

131 2048 325 2083 latioribus
352 2055 388 2084 et
414 2054 564 2085 textura
591 2051 751 2085 diversa.
802 2051 866 2084 Pl.
886 2050 1009 2083 dubiae
1035 2054 1121 2083 sunt
1146 2050 1233 2083 solia
1249 2048 1462 2091 angustiora
1481 2046 1654 2087 elongata

130 2108 254 2142 minus
281 2109 531 2145 decurrentia.
585 2111 648 2145 Pl.
673 2113 766 2145 socia
791 2114 828 2143 et
852 2109 1070 2150 intermedia,
1100 2119 1247 2154 quoque
1275 2108 1413 2148 affines,
1440 2107 1654 2139 charactere

132 2167 314 2201 diversae.

133 2259 169 2291 p.
196 2252 254 2282 33.
526 2252 585 2282 22.
635 2251 976 2295 Playiochila
1001 2250 1242 2285 bur-sata.

231 2317 391 2352 Habitat
425 2319 535 2352 etiam
572 2320 610 2353 in
647 2321 778 2354 Insula
816 2321 884 2354 Sti.
915 2319 1104 2353 Vincentii
1143 2318 1239 2361 (Hb.
1275 2317 1393 2361 Hk.)‚
1433 2315 1470 2349 in
1503 2313 1654 2348 Mexico

133 2376 350 2422 (Liebman)
378 2377 413 2411 in
442 2379 662 2412 Columbiae
691 2379 847 2413 Colonia
873 2379 994 2413 Tovar
1020 2378 1199 2423 (Moritz).

230 2443 382 2478 Omissa
407 2444 444 2478 in
474 2444 653 2488 Synopsi:

232 2505 265 2545 β,
291 2504 417 2545 minor,
444 2506 599 2546 margine
628 2504 768 2535 ventrali
796 2512 866 2535 toto
895 2504 1017 2534 ciliato.

326 2561 543 2607 Lindenhry
569 2562 669 2608 Spee.
693 2561 856 2607 Hepatic.
878 2573 916 2607 p.
945 2564 1002 2595 88.
1030 2573 1065 2595 n.
1091 2564 1150 2594 53.

329 2623 537 2666 Plagiochila
565 2626 663 2654 aerea
695 2621 828 2667 Taylw·
853 2622 890 2655 in
912 2621 1024 2655 Lond.
1050 2621 1176 2654 Journ.
1204 2619 1248 2665 qs
1266 2618 1332 2653 bot.
1362 2620 1464 2653 1846.
1484 2629 1523 2663 p.
1549 2616 1632 2648 263·

235 2693 393 2727 Habitat
425 2695 447 2733 β
485 2693 524 2727 in
560 2693 734 2726 Amerina
767 2690 1021 2732 meridionali,
1062 2691 1099 2724 in
1132 2690 1235 2725 silvis
1277 2700 1392 2734 prope
1419 2685 1656 2722 Esmeraldas

139 2753 334 2797 (Jameson
362 2753 399 2786 in
429 2752 505 2787 Hb.
533 2753 648 2797 H1<.)‚
675 2752 711 2786 in
740 2750 855 2793 Quito
883 2751 974 2794 (Hb.
1003 2751 1148 2794 Greia).

233 2811 312 2844 Cel.
339 2812 474 2855 Taylor
500 2814 586 2847 huic
615 2813 788 2847 varietati
825 2816 970 2846 statura
997 2809 1158 2850 laxiore,
1197 2807 1365 2842 foliorum
1393 2805 1488 2840 ciliis
1514 2805 1551 2839 in
1579 2808 1656 2839 toto

138 2870 305 2914 margine
331 2871 505 2906 inferiore
531 2873 794 2916 praesentibus
821 2877 858 2907 et
884 2870 1094 2916 perianthio
1121 2867 1201 2902 basi
1219 2867 1410 2901 denudato
1436 2868 1546 2910 atque
1571 2864 1654 2897 lon-

140 2931 241 2976 giore
267 2929 348 2962 iura
375 2931 513 2975 speciei
540 2932 727 2976 legitimae
753 2931 945 2966 vindicare
970 2931 1062 2965 vult.
