<?xml version="1.0" encoding="UTF-8"?>
<!DOCTYPE html PUBLIC "-//W3C//DTD XHTML 1.0 Transitional//EN"
    "http://www.w3.org/TR/xhtml1/DTD/xhtml1-transitional.dtd">
<html xmlns="http://www.w3.org/1999/xhtml" xml:lang="en" lang="en">
 <head>
  <title>
</title>
<meta http-equiv="Content-Type" content="text/html;charset=utf-8" />
  <meta name='ocr-system' content='tesseract 3.04.00' />
  <meta name='ocr-capabilities' content='ocr_page ocr_carea ocr_par ocr_line ocrx_word'/>
</head>
<body>
  <div class='ocr_page' id='page_1' title='image "./synopsishepatica00gott_0418.png"; bbox 0 0 1824 3252; ppageno 0'>
   <div class='ocr_carea' id='block_1_1' title="bbox 185 217 1046 262">
    <p class='ocr_par' dir='ltr' id='par_1_1' title="bbox 185 217 1046 262">
     <span class='ocr_line' id='line_1_1' title="bbox 185 217 1046 262; baseline -0.006 -4"><span class='ocrx_word' id='word_1_1' title='bbox 185 225 259 258; x_wconf 84' lang='lat'><strong>384</strong></span> <span class='ocrx_word' id='word_1_2' title='bbox 853 217 1046 262; x_wconf 87' lang='lat' dir='ltr'><strong>Lejeunia.</strong></span> 
     </span>
    </p>
   </div>
   <div class='ocr_carea' id='block_1_2' title="bbox 185 329 1716 918">
    <p class='ocr_par' dir='ltr' id='par_1_2' title="bbox 185 329 1716 918">
     <span class='ocr_line' id='line_1_2' title="bbox 187 329 1713 375; baseline -0.003 -3"><span class='ocrx_word' id='word_1_3' title='bbox 187 340 304 372; x_wconf 85' lang='lat' dir='ltr'><strong>strato</strong></span> <span class='ocrx_word' id='word_1_4' title='bbox 341 332 544 370; x_wconf 84' lang='lat' dir='ltr'><strong>corticibus</strong></span> <span class='ocrx_word' id='word_1_5' title='bbox 579 330 821 372; x_wconf 85' lang='lat' dir='ltr'><strong>incumbens,</strong></span> <span class='ocrx_word' id='word_1_6' title='bbox 863 333 930 364; x_wconf 90' lang='lat'><strong>4-</strong></span> <span class='ocrx_word' id='word_1_7' title='bbox 956 332 980 363; x_wconf 91' lang='lat'>6</span> <span class='ocrx_word' id='word_1_8' title='bbox 1017 329 1082 366; x_wconf 87' lang='lat' dir='ltr'><strong>lin.</strong></span> <span class='ocrx_word' id='word_1_9' title='bbox 1122 331 1256 375; x_wconf 86' lang='lat' dir='ltr'><strong>longa,</strong></span> <span class='ocrx_word' id='word_1_10' title='bbox 1297 330 1511 368; x_wconf 86' lang='lat' dir='ltr'><strong>inordinate</strong></span> <span class='ocrx_word' id='word_1_11' title='bbox 1552 343 1713 368; x_wconf 83' lang='lat' dir='ltr'><strong>ramosa.</strong></span> 
     </span>
     <span class='ocr_line' id='line_1_3' title="bbox 191 380 1711 440; baseline -0.007 -9"><span class='ocrx_word' id='word_1_12' title='bbox 191 391 300 432; x_wconf 70' lang='lat' dir='ltr'><strong>Folia</strong></span> <span class='ocrx_word' id='word_1_13' title='bbox 325 394 459 440; x_wconf 83' lang='lat' dir='ltr'><strong>plana,</strong></span> <span class='ocrx_word' id='word_1_14' title='bbox 491 391 722 432; x_wconf 82' lang='lat' dir='ltr'><strong>orbiculata,</strong></span> <span class='ocrx_word' id='word_1_15' title='bbox 755 388 975 430; x_wconf 86' lang='lat' dir='ltr'><strong>imbricata,</strong></span> <span class='ocrx_word' id='word_1_16' title='bbox 1001 389 1040 423; x_wconf 90' lang='lat' dir='ltr'><strong>in</strong></span> <span class='ocrx_word' id='word_1_17' title='bbox 1067 380 1223 424; x_wconf 51' lang='lat' dir='ltr'><strong>ambitu¹</strong></span> <span class='ocrx_word' id='word_1_18' title='bbox 1251 394 1402 435; x_wconf 81' lang='lat' dir='ltr'><strong>propter</strong></span> <span class='ocrx_word' id='word_1_19' title='bbox 1429 391 1584 427; x_wconf 87' lang='lat' dir='ltr'><strong>cellulas</strong></span> <span class='ocrx_word' id='word_1_20' title='bbox 1609 403 1711 427; x_wconf 84' lang='lat' dir='ltr'><strong>mar-</strong></span> 
     </span>
     <span class='ocr_line' id='line_1_4' title="bbox 190 448 1713 504; baseline -0.003 -12"><span class='ocrx_word' id='word_1_21' title='bbox 190 457 287 504; x_wconf 82' lang='lat' dir='ltr'>ginis</span> <span class='ocrx_word' id='word_1_22' title='bbox 313 453 517 490; x_wconf 84' lang='lat' dir='ltr'><strong>tumidulas</strong></span> <span class='ocrx_word' id='word_1_23' title='bbox 543 449 658 486; x_wconf 85' lang='lat' dir='ltr'><strong>veluti</strong></span> <span class='ocrx_word' id='word_1_24' title='bbox 684 448 898 491; x_wconf 69' lang='lat' dir='ltr'><strong>cumulata,</strong></span> <span class='ocrx_word' id='word_1_25' title='bbox 925 448 1147 492; x_wconf 82' lang='lat' dir='ltr'><strong>praesertim</strong></span> <span class='ocrx_word' id='word_1_26' title='bbox 1176 449 1320 493; x_wconf 85' lang='lat' dir='ltr'><strong>apicem</strong></span> <span class='ocrx_word' id='word_1_27' title='bbox 1344 460 1494 492; x_wconf 86' lang='lat' dir='ltr'><strong>versus,</strong></span> <span class='ocrx_word' id='word_1_28' title='bbox 1529 451 1575 486; x_wconf 87' lang='lat' dir='ltr'><strong>ad</strong></span> <span class='ocrx_word' id='word_1_29' title='bbox 1603 452 1713 488; x_wconf 89' lang='lat' dir='ltr'><strong>basin</strong></span> 
     </span>
     <span class='ocr_line' id='line_1_5' title="bbox 188 507 1713 557; baseline -0.004 -6"><span class='ocrx_word' id='word_1_30' title='bbox 188 515 395 554; x_wconf 82' lang='lat' dir='ltr'><strong>ventralem</strong></span> <span class='ocrx_word' id='word_1_31' title='bbox 423 511 506 547; x_wconf 88' lang='lat' dir='ltr'><strong>sinu</strong></span> <span class='ocrx_word' id='word_1_32' title='bbox 533 509 697 555; x_wconf 88' lang='lat' dir='ltr'><strong>quodam</strong></span> <span class='ocrx_word' id='word_1_33' title='bbox 723 509 761 542; x_wconf 89' lang='lat' dir='ltr'><strong>in</strong></span> <span class='ocrx_word' id='word_1_34' title='bbox 789 507 956 543; x_wconf 85' lang='lat' dir='ltr'><strong>lobulum</strong></span> <span class='ocrx_word' id='word_1_35' title='bbox 974 508 1212 543; x_wconf 85' lang='lat' dir='ltr'><strong>transeuntia</strong></span> <span class='ocrx_word' id='word_1_36' title='bbox 1235 512 1461 551; x_wconf 86' lang='lat' dir='ltr'><strong>truncatum,</strong></span> <span class='ocrx_word' id='word_1_37' title='bbox 1488 510 1713 557; x_wconf 85' lang='lat' dir='ltr'>quandoque</span> 
     </span>
     <span class='ocr_line' id='line_1_6' title="bbox 188 567 1715 615; baseline -0.008 -1"><span class='ocrx_word' id='word_1_38' title='bbox 188 577 420 615; x_wconf 82' lang='lat' dir='ltr'><strong>obsoletum,</strong></span> <span class='ocrx_word' id='word_1_39' title='bbox 458 570 687 613; x_wconf 82' lang='lat' dir='ltr'><strong>minimeque</strong></span> <span class='ocrx_word' id='word_1_40' title='bbox 723 567 905 602; x_wconf 81' lang='lat' dir='ltr'><strong>inflatum.</strong></span> <span class='ocrx_word' id='word_1_41' title='bbox 974 567 1082 602; x_wconf 88' lang='lat' dir='ltr'><strong>Retis</strong></span> <span class='ocrx_word' id='word_1_42' title='bbox 1123 567 1292 601; x_wconf 87' lang='lat' dir='ltr'><strong>maculae</strong></span> <span class='ocrx_word' id='word_1_43' title='bbox 1331 568 1575 611; x_wconf 86' lang='lat' dir='ltr'><strong>hexagonae,</strong></span> <span class='ocrx_word' id='word_1_44' title='bbox 1615 570 1715 605; x_wconf 83' lang='lat' dir='ltr'><strong>linea</strong></span> 
     </span>
     <span class='ocr_line' id='line_1_7' title="bbox 186 627 1716 678; baseline -0.006 -6"><span class='ocrx_word' id='word_1_45' title='bbox 186 635 315 672; x_wconf 89' lang='lat' dir='ltr'><strong>subtili</strong></span> <span class='ocrx_word' id='word_1_46' title='bbox 356 632 506 678; x_wconf 84' lang='lat' dir='ltr'><strong>hyalina</strong></span> <span class='ocrx_word' id='word_1_47' title='bbox 545 629 755 663; x_wconf 84' lang='lat' dir='ltr'><strong>disiunctae</strong></span> <span class='ocrx_word' id='word_1_48' title='bbox 797 637 865 661; x_wconf 90' lang='lat' dir='ltr'><strong>nec</strong></span> <span class='ocrx_word' id='word_1_49' title='bbox 912 638 1000 662; x_wconf 84' lang='lat' dir='ltr'><strong>vero</strong></span> <span class='ocrx_word' id='word_1_50' title='bbox 1039 627 1240 668; x_wconf 80' lang='lat' dir='ltr'><strong>distantes,</strong></span> <span class='ocrx_word' id='word_1_51' title='bbox 1294 627 1463 670; x_wconf 79' lang='lat' dir='ltr'><strong>granulis</strong></span> <span class='ocrx_word' id='word_1_52' title='bbox 1503 628 1716 663; x_wconf 86' lang='lat' dir='ltr'><strong>chromulae</strong></span> 
     </span>
     <span class='ocr_line' id='line_1_8' title="bbox 187 686 1712 735; baseline -0.007 -4"><span class='ocrx_word' id='word_1_53' title='bbox 187 696 366 735; x_wconf 56' lang='lat' dir='ltr'><strong>refertam</strong></span> <span class='ocrx_word' id='word_1_54' title='bbox 400 689 573 725; x_wconf 83' lang='lat' dir='ltr'><strong>maculae</strong></span> <span class='ocrx_word' id='word_1_55' title='bbox 605 687 850 722; x_wconf 82' lang='lat' dir='ltr'><strong>intercalares</strong></span> <span class='ocrx_word' id='word_1_56' title='bbox 883 686 1021 721; x_wconf 87' lang='lat' dir='ltr'><strong>nullae.</strong></span> <span class='ocrx_word' id='word_1_57' title='bbox 1073 686 1345 733; x_wconf 73' lang='lat' dir='ltr'><strong>Amplziyastria</strong></span> <span class='ocrx_word' id='word_1_58' title='bbox 1374 687 1579 732; x_wconf 88' lang='lat' dir='ltr'><strong>conspicua</strong></span> <span class='ocrx_word' id='word_1_59' title='bbox 1610 687 1712 722; x_wconf 87' lang='lat' dir='ltr'><strong>orbi-</strong></span> 
     </span>
     <span class='ocr_line' id='line_1_9' title="bbox 185 746 1716 798; baseline -0.007 -7"><span class='ocrx_word' id='word_1_60' title='bbox 185 755 347 796; x_wconf 87' lang='lat' dir='ltr'><strong>cularia,</strong></span> <span class='ocrx_word' id='word_1_61' title='bbox 373 753 489 798; x_wconf 83' lang='lat' dir='ltr'><strong>plana</strong></span> <span class='ocrx_word' id='word_1_62' title='bbox 513 748 703 793; x_wconf 82' lang='lat' dir='ltr'><strong>repanda,</strong></span> <span class='ocrx_word' id='word_1_63' title='bbox 731 746 814 781; x_wconf 88' lang='lat' dir='ltr'><strong>sinu</strong></span> <span class='ocrx_word' id='word_1_64' title='bbox 841 746 1030 790; x_wconf 85' lang='lat' dir='ltr'><strong>profundo</strong></span> <span class='ocrx_word' id='word_1_65' title='bbox 1056 757 1125 781; x_wconf 85' lang='lat' dir='ltr'><strong>nec</strong></span> <span class='ocrx_word' id='word_1_66' title='bbox 1152 747 1251 789; x_wconf 85' lang='lat' dir='ltr'><strong>lato,</strong></span> <span class='ocrx_word' id='word_1_67' title='bbox 1285 747 1420 782; x_wconf 86' lang='lat' dir='ltr'><strong>obtuso</strong></span> <span class='ocrx_word' id='word_1_68' title='bbox 1447 751 1632 790; x_wconf 73' lang='lat' dir='ltr'><strong>attamen,</strong></span> <span class='ocrx_word' id='word_1_69' title='bbox 1667 748 1716 782; x_wconf 84' lang='lat' dir='ltr'><strong>ad</strong></span> 
     </span>
     <span class='ocr_line' id='line_1_10' title="bbox 185 806 1713 855; baseline -0.005 -7"><span class='ocrx_word' id='word_1_70' title='bbox 185 813 349 848; x_wconf 88' lang='lat' dir='ltr'><strong>medium</strong></span> <span class='ocrx_word' id='word_1_71' title='bbox 375 821 494 855; x_wconf 89' lang='lat' dir='ltr'><strong>usque</strong></span> <span class='ocrx_word' id='word_1_72' title='bbox 523 809 648 849; x_wconf 83' lang='lat' dir='ltr'><strong>bifida,</strong></span> <span class='ocrx_word' id='word_1_73' title='bbox 674 806 823 842; x_wconf 82' lang='lat' dir='ltr'><strong>laciniis</strong></span> <span class='ocrx_word' id='word_1_74' title='bbox 849 806 1208 848; x_wconf 62' lang='lat' dir='ltr'><strong>dimidiato-ovans,</strong></span> <span class='ocrx_word' id='word_1_75' title='bbox 1235 806 1347 841; x_wconf 89' lang='lat' dir='ltr'><strong>rectis</strong></span> <span class='ocrx_word' id='word_1_76' title='bbox 1373 810 1438 841; x_wconf 89' lang='lat' dir='ltr'><strong>aut</strong></span> <span class='ocrx_word' id='word_1_77' title='bbox 1456 807 1570 851; x_wconf 86' lang='lat' dir='ltr'><strong>paulo</strong></span> <span class='ocrx_word' id='word_1_78' title='bbox 1587 807 1713 842; x_wconf 86' lang='lat' dir='ltr'><strong>diver-</strong></span> 
     </span>
     <span class='ocr_line' id='line_1_11' title="bbox 185 867 1154 918; baseline -0.007 -9"><span class='ocrx_word' id='word_1_79' title='bbox 185 873 360 918; x_wconf 86' lang='lat' dir='ltr'><strong>gentibus</strong></span> <span class='ocrx_word' id='word_1_80' title='bbox 387 870 529 912; x_wconf 86' lang='lat' dir='ltr'><strong>acutis;</strong></span> <span class='ocrx_word' id='word_1_81' title='bbox 561 873 713 904; x_wconf 82' lang='lat' dir='ltr'><strong>textura</strong></span> <span class='ocrx_word' id='word_1_82' title='bbox 739 867 871 902; x_wconf 85' lang='lat' dir='ltr'><strong>eadem</strong></span> <span class='ocrx_word' id='word_1_83' title='bbox 898 877 942 901; x_wconf 86' lang='lat' dir='ltr'><strong>ac</strong></span> <span class='ocrx_word' id='word_1_84' title='bbox 969 867 1154 902; x_wconf 87' lang='lat' dir='ltr'><strong>foliorum.</strong></span> 
     </span>
    </p>
   </div>
   <div class='ocr_carea' id='block_1_3' title="bbox 190 937 1717 1048">
    <p class='ocr_par' dir='ltr' id='par_1_3' title="bbox 190 937 1717 1048">
     <span class='ocr_line' id='line_1_12' title="bbox 280 937 1717 989; baseline -0.006 -11"><span class='ocrx_word' id='word_1_85' title='bbox 280 945 326 978; x_wconf 92' lang='lat' dir='ltr'><strong>In</strong></span> <span class='ocrx_word' id='word_1_86' title='bbox 362 941 559 989; x_wconf 67' lang='lat' dir='ltr'><strong>qu.flaz-a</strong></span> <span class='ocrx_word' id='word_1_87' title='bbox 593 938 863 983; x_wconf 80' lang='lat' dir='ltr'><strong>amphigastria</strong></span> <span class='ocrx_word' id='word_1_88' title='bbox 903 937 1024 981; x_wconf 77' lang='lat' dir='ltr'><strong>magis</strong></span> <span class='ocrx_word' id='word_1_89' title='bbox 1060 938 1107 972; x_wconf 89' lang='lat' dir='ltr'><strong>ab</strong></span> <span class='ocrx_word' id='word_1_90' title='bbox 1145 937 1303 972; x_wconf 85' lang='lat' dir='ltr'><strong>invicem</strong></span> <span class='ocrx_word' id='word_1_91' title='bbox 1338 938 1502 978; x_wconf 88' lang='lat' dir='ltr'><strong>distant,</strong></span> <span class='ocrx_word' id='word_1_92' title='bbox 1536 940 1573 970; x_wconf 90' lang='lat' dir='ltr'><strong>et</strong></span> <span class='ocrx_word' id='word_1_93' title='bbox 1605 939 1717 970; x_wconf 81' lang='lat' dir='ltr'><strong>ovata</strong></span> 
     </span>
     <span class='ocr_line' id='line_1_13' title="bbox 190 998 1345 1048; baseline -0.008 -8"><span class='ocrx_word' id='word_1_94' title='bbox 190 1004 331 1040; x_wconf 86' lang='lat' dir='ltr'><strong>rectius</strong></span> <span class='ocrx_word' id='word_1_95' title='bbox 359 1000 608 1048; x_wconf 83' lang='lat' dir='ltr'><strong>appellanda3</strong></span> <span class='ocrx_word' id='word_1_96' title='bbox 636 999 737 1034; x_wconf 90' lang='lat' dir='ltr'><strong>color</strong></span> <span class='ocrx_word' id='word_1_97' title='bbox 764 998 849 1033; x_wconf 83' lang='lat' dir='ltr'><strong>huic</strong></span> <span class='ocrx_word' id='word_1_98' title='bbox 876 1003 933 1033; x_wconf 89' lang='lat' dir='ltr'><strong>est</strong></span> <span class='ocrx_word' id='word_1_99' title='bbox 959 998 1082 1032; x_wconf 87' lang='lat' dir='ltr'><strong>luteus</strong></span> <span class='ocrx_word' id='word_1_100' title='bbox 1108 1009 1177 1033; x_wconf 90' lang='lat' dir='ltr'><strong>nec</strong></span> <span class='ocrx_word' id='word_1_101' title='bbox 1204 998 1345 1033; x_wconf 85' lang='lat' dir='ltr'><strong>viridis.</strong></span> 
     </span>
    </p>
   </div>
   <div class='ocr_carea' id='block_1_4' title="bbox 186 1069 1717 1176">
    <p class='ocr_par' dir='ltr' id='par_1_4' title="bbox 186 1069 1717 1176">
     <span class='ocr_line' id='line_1_14' title="bbox 284 1069 1717 1115; baseline -0.003 -6"><span class='ocrx_word' id='word_1_102' title='bbox 284 1074 456 1109; x_wconf 85' lang='lat' dir='ltr'><strong>Adnot.</strong></span> <span class='ocrx_word' id='word_1_103' title='bbox 510 1072 711 1112; x_wconf 83' lang='lat' dir='ltr'><strong>Conferas‚</strong></span> <span class='ocrx_word' id='word_1_104' title='bbox 751 1070 852 1115; x_wconf 88' lang='lat' dir='ltr'><strong>quod</strong></span> <span class='ocrx_word' id='word_1_105' title='bbox 885 1069 931 1103; x_wconf 87' lang='lat' dir='ltr'><strong>ad</strong></span> <span class='ocrx_word' id='word_1_106' title='bbox 968 1080 1090 1104; x_wconf 86' lang='lat' dir='ltr'><strong>ramos</strong></span> <span class='ocrx_word' id='word_1_107' title='bbox 1125 1069 1335 1104; x_wconf 82' lang='lat' dir='ltr'><strong>denudatos</strong></span> <span class='ocrx_word' id='word_1_108' title='bbox 1367 1069 1520 1113; x_wconf 81' lang='lat' dir='ltr'><strong>attinet,</strong></span> <span class='ocrx_word' id='word_1_109' title='bbox 1557 1070 1717 1105; x_wconf 81' lang='lat' dir='ltr'><strong>ObserV.</strong></span> 
     </span>
     <span class='ocr_line' id='line_1_15' title="bbox 186 1129 1169 1176; baseline -0.006 -7"><span class='ocrx_word' id='word_1_110' title='bbox 186 1137 301 1170; x_wconf 83' lang='lat' dir='ltr'><strong>nostr.</strong></span> <span class='ocrx_word' id='word_1_111' title='bbox 330 1133 377 1167; x_wconf 82' lang='lat' dir='ltr'><strong>ad</strong></span> <span class='ocrx_word' id='word_1_112' title='bbox 403 1132 443 1168; x_wconf 84' lang='lat' dir='ltr'><strong>J.</strong></span> <span class='ocrx_word' id='word_1_113' title='bbox 470 1132 664 1176; x_wconf 72' lang='lat' dir='ltr'><strong>contigsuam</strong></span> <span class='ocrx_word' id='word_1_114' title='bbox 691 1132 726 1170; x_wconf 81' lang='grc' dir='ltr'><strong>β,</strong></span> <span class='ocrx_word' id='word_1_115' title='bbox 754 1129 854 1164; x_wconf 81' lang='lat' dir='ltr'><strong>Flor.</strong></span> <span class='ocrx_word' id='word_1_116' title='bbox 884 1129 992 1163; x_wconf 84' lang='lat' dir='ltr'><strong>Bras.</strong></span> <span class='ocrx_word' id='word_1_117' title='bbox 1019 1139 1058 1172; x_wconf 91' lang='lat' dir='ltr'><strong>p.</strong></span> <span class='ocrx_word' id='word_1_118' title='bbox 1085 1132 1169 1163; x_wconf 85' lang='lat'>361.</span> 
     </span>
    </p>
   </div>
   <div class='ocr_carea' id='block_1_5' title="bbox 492 1233 1426 1280">
    <p class='ocr_par' dir='ltr' id='par_1_5' title="bbox 492 1233 1426 1280">
     <span class='ocr_line' id='line_1_16' title="bbox 492 1233 1426 1280; baseline -0.003 -10"><span class='ocrx_word' id='word_1_119' title='bbox 492 1239 571 1272; x_wconf 84' lang='grc'>187.</span> <span class='ocrx_word' id='word_1_120' title='bbox 622 1234 884 1280; x_wconf 64' lang='lat' dir='ltr'><strong>Dejeunia</strong></span> <span class='ocrx_word' id='word_1_121' title='bbox 910 1234 1149 1280; x_wconf 64' lang='lat' dir='ltr'><strong>angusta</strong></span> <span class='ocrx_word' id='word_1_122' title='bbox 1175 1233 1217 1267; x_wconf 93' lang='lat' dir='ltr'><strong>L.</strong></span> <span class='ocrx_word' id='word_1_123' title='bbox 1244 1237 1281 1268; x_wconf 85' lang='lat' dir='ltr'><strong>et</strong></span> <span class='ocrx_word' id='word_1_124' title='bbox 1307 1233 1426 1278; x_wconf 83' lang='lat' dir='ltr'>Ldbg.</span> 
     </span>
    </p>
   </div>
   <div class='ocr_carea' id='block_1_6' title="bbox 186 1316 1724 1783">
    <p class='ocr_par' dir='ltr' id='par_1_6' title="bbox 186 1316 1724 1783">
     <span class='ocr_line' id='line_1_17' title="bbox 283 1316 1720 1366; baseline -0.001 -11"><span class='ocrx_word' id='word_1_125' title='bbox 283 1321 328 1355; x_wconf 90' lang='lat' dir='ltr'><strong>L.</strong></span> <span class='ocrx_word' id='word_1_126' title='bbox 354 1320 450 1355; x_wconf 74' lang='lat' dir='ltr'><strong>caule</strong></span> <span class='ocrx_word' id='word_1_127' title='bbox 483 1325 617 1366; x_wconf 75' lang='lat' dir='ltr'><strong>repente</strong></span> <span class='ocrx_word' id='word_1_128' title='bbox 650 1317 840 1359; x_wconf 80' lang='lat' dir='ltr'><strong>ramuloso,</strong></span> <span class='ocrx_word' id='word_1_129' title='bbox 862 1317 969 1361; x_wconf 80' lang='lat' dir='ltr'><strong>foliis</strong></span> <span class='ocrx_word' id='word_1_130' title='bbox 1002 1316 1211 1352; x_wconf 72' lang='lat' dir='ltr'><strong>distantibus</strong></span> <span class='ocrx_word' id='word_1_131' title='bbox 1242 1317 1530 1354; x_wconf 70' lang='lat' dir='ltr'><strong>subverticalibus</strong></span> <span class='ocrx_word' id='word_1_132' title='bbox 1563 1319 1720 1354; x_wconf 78' lang='lat' dir='ltr'><strong>brevibus</strong></span> 
     </span>
     <span class='ocr_line' id='line_1_18' title="bbox 186 1376 1719 1425; baseline -0.003 -9"><span class='ocrx_word' id='word_1_133' title='bbox 186 1380 518 1416; x_wconf 72' lang='lat' dir='ltr'><strong>orbiculato-ocutis</strong></span> <span class='ocrx_word' id='word_1_134' title='bbox 551 1378 751 1424; x_wconf 68' lang='lat' dir='ltr'><strong>ellipticisvc</strong></span> <span class='ocrx_word' id='word_1_135' title='bbox 783 1377 856 1411; x_wconf 74' lang='lat' dir='ltr'><strong>basi</strong></span> <span class='ocrx_word' id='word_1_136' title='bbox 889 1384 1077 1421; x_wconf 66' lang='lat' dir='ltr'><strong>anyzzstata</strong></span> <span class='ocrx_word' id='word_1_137' title='bbox 1108 1376 1321 1423; x_wconf 73' lang='lat' dir='ltr'><strong>complicatis</strong></span> <span class='ocrx_word' id='word_1_138' title='bbox 1355 1377 1464 1412; x_wconf 81' lang='lat' dir='ltr'><strong>lohulo</strong></span> <span class='ocrx_word' id='word_1_139' title='bbox 1497 1378 1719 1425; x_wconf 69' lang='lat' dir='ltr'><strong>polymorpho</strong></span> 
     </span>
     <span class='ocr_line' id='line_1_19' title="bbox 186 1436 1719 1486; baseline -0.002 -11"><span class='ocrx_word' id='word_1_140' title='bbox 186 1448 288 1475; x_wconf 74' lang='lat' dir='ltr'><strong>ovato</strong></span> <span class='ocrx_word' id='word_1_141' title='bbox 305 1441 382 1486; x_wconf 77' lang='lat' dir='ltr'><strong>apic</strong></span> <span class='ocrx_word' id='word_1_142' title='bbox 398 1438 852 1483; x_wconf 70' lang='lat' dir='ltr'><strong>eemaryinato-unidentato</strong></span> <span class='ocrx_word' id='word_1_143' title='bbox 870 1436 988 1482; x_wconf 75' lang='lat' dir='ltr'><strong>(saepe</strong></span> <span class='ocrx_word' id='word_1_144' title='bbox 1015 1436 1136 1482; x_wconf 75' lang='lat' dir='ltr'><strong>inflato</strong></span> <span class='ocrx_word' id='word_1_145' title='bbox 1158 1449 1295 1482; x_wconf 68' lang='grc' dir='ltr'><strong>φηιιφιο,</strong></span> <span class='ocrx_word' id='word_1_146' title='bbox 1314 1449 1561 1483; x_wconf 75' lang='lat' dir='ltr'><strong>nonnunquam</strong></span> <span class='ocrx_word' id='word_1_147' title='bbox 1585 1438 1719 1472; x_wconf 77' lang='lat' dir='ltr'><strong>minuto</strong></span> 
     </span>
     <span class='ocr_line' id='line_1_20' title="bbox 187 1494 1720 1544; baseline -0.003 -10"><span class='ocrx_word' id='word_1_148' title='bbox 187 1499 242 1534; x_wconf 75' lang='lat' dir='ltr'><strong>‘vel</strong></span> <span class='ocrx_word' id='word_1_149' title='bbox 265 1498 443 1544; x_wconf 76' lang='lat' dir='ltr'><strong>obsoleto),</strong></span> <span class='ocrx_word' id='word_1_150' title='bbox 470 1497 735 1544; x_wconf 26' lang='lat' dir='ltr'><strong>ccmplziyavstriis</strong></span> <span class='ocrx_word' id='word_1_151' title='bbox 767 1494 978 1530; x_wconf 72' lang='lat' dir='ltr'><strong>distantibus</strong></span> <span class='ocrx_word' id='word_1_152' title='bbox 1002 1496 1147 1530; x_wconf 72' lang='lat' dir='ltr'><strong>minutis</strong></span> <span class='ocrx_word' id='word_1_153' title='bbox 1171 1497 1281 1530; x_wconf 80' lang='lat' dir='ltr'><strong>ovatis</strong></span> <span class='ocrx_word' id='word_1_154' title='bbox 1306 1498 1401 1543; x_wconf 75' lang='lat' dir='ltr'><strong>apice</strong></span> <span class='ocrx_word' id='word_1_155' title='bbox 1425 1497 1564 1542; x_wconf 68' lang='lat' dir='ltr'><strong>bg‘fidis,</strong></span> <span class='ocrx_word' id='word_1_156' title='bbox 1587 1498 1720 1542; x_wconf 79' lang='lat' dir='ltr'><strong>fructu</strong></span> 
     </span>
     <span class='ocr_line' id='line_1_21' title="bbox 191 1553 1720 1603; baseline -0.002 -10"><span class='ocrx_word' id='word_1_157' title='bbox 191 1558 332 1593; x_wconf 74' lang='lat' dir='ltr'><strong>laterali</strong></span> <span class='ocrx_word' id='word_1_158' title='bbox 366 1557 499 1598; x_wconf 78' lang='lat' dir='ltr'><strong>sessili,</strong></span> <span class='ocrx_word' id='word_1_159' title='bbox 535 1556 641 1603; x_wconf 78' lang='lat' dir='ltr'><strong>foliis</strong></span> <span class='ocrx_word' id='word_1_160' title='bbox 674 1554 941 1589; x_wconf 72' lang='lat' dir='ltr'><strong>involucralibus</strong></span> <span class='ocrx_word' id='word_1_161' title='bbox 978 1553 1087 1597; x_wconf 76' lang='lat' dir='ltr'><strong>binis,</strong></span> <span class='ocrx_word' id='word_1_162' title='bbox 1126 1555 1234 1589; x_wconf 77' lang='lat' dir='ltr'><strong>altero</strong></span> <span class='ocrx_word' id='word_1_163' title='bbox 1269 1568 1399 1602; x_wconf 77' lang='lat' dir='ltr'><strong>semper</strong></span> <span class='ocrx_word' id='word_1_164' title='bbox 1438 1557 1534 1603; x_wconf 75' lang='lat' dir='ltr'><strong>apice</strong></span> <span class='ocrx_word' id='word_1_165' title='bbox 1567 1558 1720 1590; x_wconf 73' lang='lat' dir='ltr'><strong>acutiore</strong></span> 
     </span>
     <span class='ocr_line' id='line_1_22' title="bbox 190 1613 1719 1661; baseline -0.003 -8"><span class='ocrx_word' id='word_1_166' title='bbox 190 1619 297 1653; x_wconf 75' lang='lat' dir='ltr'><strong>altero</strong></span> <span class='ocrx_word' id='word_1_167' title='bbox 323 1617 440 1652; x_wconf 80' lang='lat' dir='ltr'><strong>obtuso</strong></span> <span class='ocrx_word' id='word_1_168' title='bbox 466 1619 649 1657; x_wconf 77' lang='lat' dir='ltr'><strong>instructo,</strong></span> <span class='ocrx_word' id='word_1_169' title='bbox 677 1614 797 1649; x_wconf 75' lang='lat' dir='ltr'><strong>bilohis</strong></span> <span class='ocrx_word' id='word_1_170' title='bbox 823 1613 932 1648; x_wconf 70' lang='lat' dir='ltr'><strong>[obulo</strong></span> <span class='ocrx_word' id='word_1_171' title='bbox 957 1613 1321 1660; x_wconf 71' lang='lat' dir='ltr'><strong>oblonyo-Ianceolato,</strong></span> <span class='ocrx_word' id='word_1_172' title='bbox 1346 1616 1598 1661; x_wconf 69' lang='lat' dir='ltr'><strong>(mzplzz&#39;yastrio</strong></span> <span class='ocrx_word' id='word_1_173' title='bbox 1623 1617 1719 1650; x_wconf 66' lang='lat' dir='ltr'><strong>invo-</strong></span> 
     </span>
     <span class='ocr_line' id='line_1_23' title="bbox 190 1674 1724 1724; baseline -0.004 -10"><span class='ocrx_word' id='word_1_174' title='bbox 190 1679 318 1715; x_wconf 71' lang='lat' dir='ltr'><strong>Zucralc&#39;</strong></span> <span class='ocrx_word' id='word_1_175' title='bbox 351 1692 372 1713; x_wconf 77' lang='grc' dir='ltr'><strong>ιι</strong></span> <span class='ocrx_word' id='word_1_176' title='bbox 393 1678 518 1724; x_wconf 81' lang='lat' dir='ltr'><strong>forma</strong></span> <span class='ocrx_word' id='word_1_177' title='bbox 554 1675 888 1722; x_wconf 69' lang='lat' dir='ltr'><strong>amplciyastriorum</strong></span> <span class='ocrx_word' id='word_1_178' title='bbox 920 1674 1136 1708; x_wconf 73' lang='lat' dir='ltr'><strong>caulium-mn</strong></span> <span class='ocrx_word' id='word_1_179' title='bbox 1172 1676 1342 1709; x_wconf 79' lang='lat' dir='ltr'><strong>recedente</strong></span> <span class='ocrx_word' id='word_1_180' title='bbox 1374 1674 1511 1709; x_wconf 76' lang='lat' dir='ltr'><strong>obovato</strong></span> <span class='ocrx_word' id='word_1_181' title='bbox 1543 1687 1646 1721; x_wconf 73' lang='lat' dir='ltr'><strong>usque</strong></span> <span class='ocrx_word' id='word_1_182' title='bbox 1677 1676 1724 1709; x_wconf 79' lang='lat' dir='ltr'><strong>ml</strong></span> 
     </span>
     <span class='ocr_line' id='line_1_24' title="bbox 187 1733 1539 1783; baseline -0.006 -9"><span class='ocrx_word' id='word_1_183' title='bbox 187 1738 440 1783; x_wconf 73' lang='lat' dir='ltr'><strong>mede&#39;umfere</strong></span> <span class='ocrx_word' id='word_1_184' title='bbox 468 1737 573 1782; x_wconf 57' lang='lat' dir='ltr'><strong>bifido</strong></span> <span class='ocrx_word' id='word_1_185' title='bbox 600 1736 737 1770; x_wconf 76' lang='lat' dir='ltr'><strong>laciniis</strong></span> <span class='ocrx_word' id='word_1_186' title='bbox 764 1733 973 1768; x_wconf 76' lang='lat' dir='ltr'><strong>lcmceolatis.</strong></span> <span class='ocrx_word' id='word_1_187' title='bbox 1028 1733 1187 1767; x_wconf 76' lang='lat' dir='ltr'><strong>Gottsclze</strong></span> <span class='ocrx_word' id='word_1_188' title='bbox 1212 1734 1311 1768; x_wconf 85' lang='lat' dir='ltr'><strong>Icon.</strong></span> <span class='ocrx_word' id='word_1_189' title='bbox 1340 1734 1420 1780; x_wconf 82' lang='lat' dir='ltr'><strong>Lej.</strong></span> <span class='ocrx_word' id='word_1_190' title='bbox 1447 1733 1539 1767; x_wconf 89' lang='lat' dir='ltr'>VII.</span> 
     </span>
    </p>
   </div>
   <div class='ocr_carea' id='block_1_7' title="bbox 260 1805 1718 2233">
    <p class='ocr_par' dir='ltr' id='par_1_7' title="bbox 260 1805 1718 2233">
     <span class='ocr_line' id='line_1_25' title="bbox 377 1805 1717 1852; baseline -0.001 -10"><span class='ocrx_word' id='word_1_191' title='bbox 377 1810 542 1851; x_wconf 84' lang='lat' dir='ltr'><strong>Lejeunia</strong></span> <span class='ocrx_word' id='word_1_192' title='bbox 582 1817 723 1850; x_wconf 77' lang='lat' dir='ltr'><strong>angusta</strong></span> <span class='ocrx_word' id='word_1_193' title='bbox 768 1805 890 1840; x_wconf 72' lang='lat' dir='ltr'><strong>Lelem.</strong></span> <span class='ocrx_word' id='word_1_194' title='bbox 928 1818 1003 1840; x_wconf 78' lang='lat' dir='ltr'><strong>nov.</strong></span> <span class='ocrx_word' id='word_1_195' title='bbox 1039 1812 1072 1840; x_wconf 83' lang='lat' dir='ltr'><strong>et</strong></span> <span class='ocrx_word' id='word_1_196' title='bbox 1106 1806 1221 1840; x_wconf 76' lang='lat' dir='ltr'><strong>minus</strong></span> <span class='ocrx_word' id='word_1_197' title='bbox 1253 1818 1348 1851; x_wconf 67' lang='lat' dir='ltr'><strong>coqu.</strong></span> <span class='ocrx_word' id='word_1_198' title='bbox 1383 1807 1485 1852; x_wconf 77' lang='lat' dir='ltr'><strong>stirp.</strong></span> <span class='ocrx_word' id='word_1_199' title='bbox 1522 1806 1618 1852; x_wconf 71' lang='lat' dir='ltr'><strong>Puy.</strong></span> <span class='ocrx_word' id='word_1_200' title='bbox 1648 1806 1717 1842; x_wconf 88' lang='lat' dir='ltr'><strong>IV.</strong></span> 
     </span>
     <span class='ocr_line' id='line_1_26' title="bbox 466 1867 755 1912; baseline -0.01 -11"><span class='ocrx_word' id='word_1_201' title='bbox 466 1867 612 1912; x_wconf 80' lang='lat'><em>(1832)</em></span> <span class='ocrx_word' id='word_1_202' title='bbox 631 1879 670 1912; x_wconf 80' lang='lat' dir='ltr'><strong>p.</strong></span> <span class='ocrx_word' id='word_1_203' title='bbox 697 1868 755 1900; x_wconf 75' lang='lat'><strong>52.</strong></span> 
     </span>
     <span class='ocr_line' id='line_1_27' title="bbox 380 1935 1717 1981; baseline -0.001 -9"><span class='ocrx_word' id='word_1_204' title='bbox 380 1940 549 1980; x_wconf 87' lang='lat' dir='ltr'><strong>Lejeuuia</strong></span> <span class='ocrx_word' id='word_1_205' title='bbox 577 1937 765 1981; x_wconf 60' lang='lat' dir='ltr'><strong>thymisolia</strong></span> <span class='ocrx_word' id='word_1_206' title='bbox 791 1947 862 1968; x_wconf 68' lang='lat' dir='ltr'><strong>var.</strong></span> <span class='ocrx_word' id='word_1_207' title='bbox 889 1946 904 1966; x_wconf 91' lang='grc' dir='ltr'><em>ε</em></span> <span class='ocrx_word' id='word_1_208' title='bbox 931 1936 1177 1979; x_wconf 80' lang='lat' dir='ltr'><strong>grandistipula</strong></span> <span class='ocrx_word' id='word_1_209' title='bbox 1207 1936 1257 1969; x_wconf 91' lang='lat' dir='ltr'><strong>N.</strong></span> <span class='ocrx_word' id='word_1_210' title='bbox 1283 1935 1326 1969; x_wconf 79' lang='lat' dir='ltr'><strong>ab</strong></span> <span class='ocrx_word' id='word_1_211' title='bbox 1344 1936 1392 1970; x_wconf 90' lang='grc' dir='ltr'><strong>Ε.</strong></span> <span class='ocrx_word' id='word_1_212' title='bbox 1419 1937 1457 1970; x_wconf 81' lang='lat' dir='ltr'><strong>in</strong></span> <span class='ocrx_word' id='word_1_213' title='bbox 1473 1937 1717 1972; x_wconf 74' lang='lat' dir='ltr'><strong>He-›·b.]‡10nt,</strong></span> 
     </span>
     <span class='ocr_line' id='line_1_28' title="bbox 380 2004 1717 2052; baseline -0.002 -10"><span class='ocrx_word' id='word_1_214' title='bbox 380 2008 497 2043; x_wconf 74' lang='grc' dir='ltr'><strong>ῘῑῙοητ.</strong></span> <span class='ocrx_word' id='word_1_215' title='bbox 518 2005 645 2040; x_wconf 75' lang='lat' dir='ltr'><strong>Plant.</strong></span> <span class='ocrx_word' id='word_1_216' title='bbox 672 2004 783 2040; x_wconf 74' lang='lat' dir='ltr'><strong>cellul.</strong></span> <span class='ocrx_word' id='word_1_217' title='bbox 803 2008 931 2052; x_wconf 71' lang='lat' dir='ltr'><strong>exotiq.</strong></span> <span class='ocrx_word' id='word_1_218' title='bbox 959 2008 995 2041; x_wconf 77' lang='lat' dir='ltr'><strong>in</strong></span> <span class='ocrx_word' id='word_1_219' title='bbox 1015 2007 1114 2042; x_wconf 78' lang='grc' dir='ltr'><em>Αηη.</em></span> <span class='ocrx_word' id='word_1_220' title='bbox 1142 2007 1198 2041; x_wconf 79' lang='lat' dir='ltr'><strong>des</strong></span> <span class='ocrx_word' id='word_1_221' title='bbox 1224 2019 1269 2041; x_wconf 80' lang='lat' dir='ltr'><strong>sc.</strong></span> <span class='ocrx_word' id='word_1_222' title='bbox 1295 2015 1417 2042; x_wconf 74' lang='lat' dir='ltr'><strong>natur.</strong></span> <span class='ocrx_word' id='word_1_223' title='bbox 1450 2009 1553 2041; x_wconf 81' lang='lat'>1840.</span> <span class='ocrx_word' id='word_1_224' title='bbox 1575 2018 1613 2052; x_wconf 80' lang='lat' dir='ltr'><strong>p.</strong></span> <span class='ocrx_word' id='word_1_225' title='bbox 1634 2009 1717 2041; x_wconf 81' lang='lat'><strong>335.</strong></span> 
     </span>
     <span class='ocr_line' id='line_1_29' title="bbox 466 2068 1621 2100; baseline -0.002 0"><span class='ocrx_word' id='word_1_226' title='bbox 466 2073 546 2100; x_wconf 78' lang='lat' dir='ltr'><strong>ante</strong></span> <span class='ocrx_word' id='word_1_227' title='bbox 572 2078 606 2099; x_wconf 79' lang='grc' dir='ltr'><strong>η.</strong></span> <span class='ocrx_word' id='word_1_228' title='bbox 633 2068 692 2100; x_wconf 88' lang='grc'><strong>69.</strong></span> <span class='ocrx_word' id='word_1_229' title='bbox 1618 2078 1621 2082; x_wconf 70' lang='grc'><em>’</em></span> 
     </span>
     <span class='ocr_line' id='line_1_30' title="bbox 260 2118 1718 2185; baseline -0.003 -11"><span class='ocrx_word' id='word_1_230' title='bbox 260 2141 304 2185; x_wconf 80' lang='grc' dir='ltr'><strong>β,</strong></span> <span class='ocrx_word' id='word_1_231' title='bbox 333 2140 465 2180; x_wconf 73' lang='lat' dir='ltr'><strong>tenuis,</strong></span> <span class='ocrx_word' id='word_1_232' title='bbox 500 2139 708 2181; x_wconf 79' lang='lat' dir='ltr'><strong>gracillima,</strong></span> <span class='ocrx_word' id='word_1_233' title='bbox 747 2138 838 2169; x_wconf 86' lang='lat' dir='ltr'><strong>soliis</strong></span> <span class='ocrx_word' id='word_1_234' title='bbox 867 2118 1021 2179; x_wconf 70' lang='lat' dir='ltr'><strong>eliipticis</strong></span> <span class='ocrx_word' id='word_1_235' title='bbox 1048 2139 1157 2181; x_wconf 83' lang='lat' dir='ltr'><strong>magis</strong></span> <span class='ocrx_word' id='word_1_236' title='bbox 1186 2138 1353 2182; x_wconf 74' lang='lat' dir='ltr'><strong>hyalinis‚</strong></span> <span class='ocrx_word' id='word_1_237' title='bbox 1393 2138 1718 2181; x_wconf 78' lang='lat' dir='ltr'><strong>ainphigasiriorum</strong></span> 
     </span>
     <span class='ocr_line' id='line_1_31' title="bbox 331 2198 714 2233; baseline -0.016 0"><span class='ocrx_word' id='word_1_238' title='bbox 331 2200 463 2233; x_wconf 82' lang='lat' dir='ltr'><strong>laciniis</strong></span> <span class='ocrx_word' id='word_1_239' title='bbox 492 2198 714 2231; x_wconf 83' lang='lat' dir='ltr'><strong>acutioribus.</strong></span> 
     </span>
    </p>
   </div>
   <div class='ocr_carea' id='block_1_8' title="bbox 468 2267 1719 2373">
    <p class='ocr_par' dir='ltr' id='par_1_8' title="bbox 468 2267 1719 2373">
     <span class='ocr_line' id='line_1_32' title="bbox 468 2267 1719 2312; baseline 0 -11"><span class='ocrx_word' id='word_1_240' title='bbox 468 2269 631 2309; x_wconf 82' lang='lat' dir='ltr'><strong>Lejeunia</strong></span> <span class='ocrx_word' id='word_1_241' title='bbox 660 2268 805 2312; x_wconf 75' lang='lat' dir='ltr'><strong>Erysibe</strong></span> <span class='ocrx_word' id='word_1_242' title='bbox 833 2267 890 2302; x_wconf 91' lang='lat' dir='ltr'><strong>M.</strong></span> <span class='ocrx_word' id='word_1_243' title='bbox 919 2274 951 2301; x_wconf 75' lang='lat' dir='ltr'><strong>ec</strong></span> <span class='ocrx_word' id='word_1_244' title='bbox 978 2267 1025 2301; x_wconf 76' lang='lat' dir='ltr'><strong>N.</strong></span> <span class='ocrx_word' id='word_1_245' title='bbox 1052 2268 1089 2301; x_wconf 83' lang='lat' dir='ltr'><strong>in</strong></span> <span class='ocrx_word' id='word_1_246' title='bbox 1115 2268 1213 2302; x_wconf 78' lang='lat' dir='ltr'><strong>Ann.</strong></span> <span class='ocrx_word' id='word_1_247' title='bbox 1240 2268 1296 2302; x_wconf 83' lang='lat' dir='ltr'><strong>des</strong></span> <span class='ocrx_word' id='word_1_248' title='bbox 1329 2280 1372 2303; x_wconf 87' lang='lat' dir='ltr'><strong>sc.</strong></span> <span class='ocrx_word' id='word_1_249' title='bbox 1400 2274 1474 2302; x_wconf 76' lang='lat' dir='ltr'><strong>nat.</strong></span> <span class='ocrx_word' id='word_1_250' title='bbox 1503 2270 1607 2303; x_wconf 81' lang='lat'>1836.</span> <span class='ocrx_word' id='word_1_251' title='bbox 1633 2267 1719 2302; x_wconf 66' lang='lat' dir='ltr'><strong>Bor.</strong></span> 
     </span>
     <span class='ocr_line' id='line_1_33' title="bbox 523 2327 872 2373; baseline 0 -11"><span class='ocrx_word' id='word_1_252' title='bbox 523 2327 573 2362; x_wconf 88' lang='lat' dir='ltr'><strong>V.</strong></span> <span class='ocrx_word' id='word_1_253' title='bbox 598 2339 636 2373; x_wconf 79' lang='lat' dir='ltr'><strong>p.</strong></span> <span class='ocrx_word' id='word_1_254' title='bbox 665 2329 724 2363; x_wconf 87' lang='lat'><strong>63.</strong></span> <span class='ocrx_word' id='word_1_255' title='bbox 751 2340 786 2362; x_wconf 76' lang='lat' dir='ltr'><strong>vn.</strong></span> <span class='ocrx_word' id='word_1_256' title='bbox 818 2330 872 2362; x_wconf 88' lang='grc'><strong>16.</strong></span> 
     </span>
    </p>
   </div>
   <div class='ocr_carea' id='block_1_9' title="bbox 189 2397 1718 2563">
    <p class='ocr_par' dir='ltr' id='par_1_9' title="bbox 189 2397 1718 2563">
     <span class='ocr_line' id='line_1_34' title="bbox 287 2397 1718 2445; baseline -0.003 -9"><span class='ocrx_word' id='word_1_257' title='bbox 287 2400 446 2436; x_wconf 84' lang='lat' dir='ltr'><strong>Habitat</strong></span> <span class='ocrx_word' id='word_1_258' title='bbox 472 2409 494 2429; x_wconf 75' lang='grc' dir='ltr'><em>α</em></span> <span class='ocrx_word' id='word_1_259' title='bbox 523 2399 571 2432; x_wconf 88' lang='lat' dir='ltr'><strong>ad</strong></span> <span class='ocrx_word' id='word_1_260' title='bbox 597 2398 793 2442; x_wconf 89' lang='lat' dir='ltr'><strong>Xalapam</strong></span> <span class='ocrx_word' id='word_1_261' title='bbox 820 2397 1110 2433; x_wconf 82' lang='lat' dir='ltr'><strong>Mexicanorum</strong></span> <span class='ocrx_word' id='word_1_262' title='bbox 1136 2398 1352 2445; x_wconf 84' lang='lat' dir='ltr'><strong>(Schiede);</strong></span> <span class='ocrx_word' id='word_1_263' title='bbox 1391 2399 1429 2433; x_wconf 90' lang='lat' dir='ltr'><strong>in</strong></span> <span class='ocrx_word' id='word_1_264' title='bbox 1458 2398 1642 2440; x_wconf 83' lang='lat' dir='ltr'><strong>Peruvia,</strong></span> <span class='ocrx_word' id='word_1_265' title='bbox 1681 2398 1718 2432; x_wconf 90' lang='lat' dir='ltr'><strong>in</strong></span> 
     </span>
     <span class='ocr_line' id='line_1_35' title="bbox 191 2456 1717 2502; baseline -0.004 -6"><span class='ocrx_word' id='word_1_266' title='bbox 191 2461 365 2496; x_wconf 90' lang='lat' dir='ltr'><strong>Guianae</strong></span> <span class='ocrx_word' id='word_1_267' title='bbox 393 2459 562 2494; x_wconf 88' lang='lat' dir='ltr'><strong>Gallicae</strong></span> <span class='ocrx_word' id='word_1_268' title='bbox 599 2457 739 2492; x_wconf 85' lang='lat' dir='ltr'><strong>muscis</strong></span> <span class='ocrx_word' id='word_1_269' title='bbox 775 2462 811 2491; x_wconf 85' lang='lat' dir='ltr'><strong>et</strong></span> <span class='ocrx_word' id='word_1_270' title='bbox 845 2458 1053 2492; x_wconf 85' lang='lat' dir='ltr'><strong>lichenibus</strong></span> <span class='ocrx_word' id='word_1_271' title='bbox 1088 2457 1286 2502; x_wconf 87' lang='lat' dir='ltr'><strong>(Leprieur</strong></span> <span class='ocrx_word' id='word_1_272' title='bbox 1321 2459 1359 2492; x_wconf 90' lang='lat' dir='ltr'><strong>in</strong></span> <span class='ocrx_word' id='word_1_273' title='bbox 1387 2457 1464 2492; x_wconf 85' lang='lat' dir='ltr'><strong>Hb.</strong></span> <span class='ocrx_word' id='word_1_274' title='bbox 1492 2457 1547 2491; x_wconf 91' lang='lat' dir='ltr'><strong>M.</strong></span> <span class='ocrx_word' id='word_1_275' title='bbox 1575 2461 1612 2491; x_wconf 84' lang='lat' dir='ltr'><strong>et</strong></span> <span class='ocrx_word' id='word_1_276' title='bbox 1639 2456 1717 2501; x_wconf 91' lang='lat' dir='ltr'><strong>N.).</strong></span> 
     </span>
     <span class='ocr_line' id='line_1_36' title="bbox 189 2515 1718 2563; baseline -0.005 -6"><span class='ocrx_word' id='word_1_277' title='bbox 189 2521 281 2556; x_wconf 80' lang='lat' dir='ltr'><strong>Var.</strong></span> <span class='ocrx_word' id='word_1_278' title='bbox 304 2522 324 2561; x_wconf 82' lang='grc' dir='ltr'>β</span> <span class='ocrx_word' id='word_1_279' title='bbox 352 2520 448 2554; x_wconf 84' lang='lat' dir='ltr'><strong>inter</strong></span> <span class='ocrx_word' id='word_1_280' title='bbox 466 2529 615 2553; x_wconf 87' lang='lat' dir='ltr'><strong>muscos</strong></span> <span class='ocrx_word' id='word_1_281' title='bbox 633 2517 853 2552; x_wconf 81' lang='lat' dir='ltr'><strong>mexicanos</strong></span> <span class='ocrx_word' id='word_1_282' title='bbox 871 2518 968 2560; x_wconf 89' lang='lat' dir='ltr'>(Hb.</span> <span class='ocrx_word' id='word_1_283' title='bbox 983 2518 1075 2563; x_wconf 90' lang='lat' dir='ltr'><strong>Hp.)</strong></span> <span class='ocrx_word' id='word_1_284' title='bbox 1091 2532 1099 2559; x_wconf 88' lang='lat'>;</span> <span class='ocrx_word' id='word_1_285' title='bbox 1126 2519 1164 2552; x_wconf 86' lang='lat' dir='ltr'><strong>in</strong></span> <span class='ocrx_word' id='word_1_286' title='bbox 1182 2518 1258 2553; x_wconf 88' lang='lat' dir='ltr'><strong>Ins.</strong></span> <span class='ocrx_word' id='word_1_287' title='bbox 1274 2517 1391 2561; x_wconf 84' lang='lat' dir='ltr'><strong>Hayti</strong></span> <span class='ocrx_word' id='word_1_288' title='bbox 1410 2517 1505 2561; x_wconf 87' lang='lat' dir='ltr'>(Hb.</span> <span class='ocrx_word' id='word_1_289' title='bbox 1521 2515 1575 2550; x_wconf 93' lang='lat' dir='ltr'><strong>M.</strong></span> <span class='ocrx_word' id='word_1_290' title='bbox 1592 2518 1629 2550; x_wconf 92' lang='lat' dir='ltr'><strong>et</strong></span> <span class='ocrx_word' id='word_1_291' title='bbox 1643 2515 1718 2560; x_wconf 88' lang='lat' dir='ltr'>N.).</span> 
     </span>
    </p>
   </div>
   <div class='ocr_carea' id='block_1_10' title="bbox 191 2587 1718 2693">
    <p class='ocr_par' dir='ltr' id='par_1_10' title="bbox 191 2587 1718 2693">
     <span class='ocr_line' id='line_1_37' title="bbox 286 2587 1718 2633; baseline -0.003 -8"><span class='ocrx_word' id='word_1_292' title='bbox 286 2592 375 2625; x_wconf 88' lang='lat' dir='ltr'><strong>Huc</strong></span> <span class='ocrx_word' id='word_1_293' title='bbox 409 2589 603 2625; x_wconf 80' lang='lat' dir='ltr'><strong>referenda</strong></span> <span class='ocrx_word' id='word_1_294' title='bbox 638 2588 751 2623; x_wconf 87' lang='lat' dir='ltr'><strong>etiam</strong></span> <span class='ocrx_word' id='word_1_295' title='bbox 786 2588 954 2633; x_wconf 85' lang='lat' dir='ltr'><strong>plantula</strong></span> <span class='ocrx_word' id='word_1_296' title='bbox 989 2599 1036 2623; x_wconf 85' lang='lat' dir='ltr'><strong>ex</strong></span> <span class='ocrx_word' id='word_1_297' title='bbox 1072 2589 1202 2624; x_wconf 88' lang='lat' dir='ltr'><strong>Insula</strong></span> <span class='ocrx_word' id='word_1_298' title='bbox 1237 2589 1293 2624; x_wconf 88' lang='lat' dir='ltr'><strong>St.</strong></span> <span class='ocrx_word' id='word_1_299' title='bbox 1321 2587 1579 2632; x_wconf 85' lang='lat' dir='ltr'><strong>Christophori</strong></span> <span class='ocrx_word' id='word_1_300' title='bbox 1615 2598 1637 2621; x_wconf 90' lang='lat' dir='ltr'><strong>a</strong></span> <span class='ocrx_word' id='word_1_301' title='bbox 1671 2587 1718 2622; x_wconf 85' lang='lat' dir='ltr'><strong>cl.</strong></span> 
     </span>
     <span class='ocr_line' id='line_1_38' title="bbox 191 2647 1717 2693; baseline -0.005 -6"><span class='ocrx_word' id='word_1_302' title='bbox 191 2651 344 2687; x_wconf 86' lang='lat' dir='ltr'><strong>Breutel</strong></span> <span class='ocrx_word' id='word_1_303' title='bbox 372 2650 512 2692; x_wconf 80' lang='lat' dir='ltr'><strong>adlata,</strong></span> <span class='ocrx_word' id='word_1_304' title='bbox 537 2649 575 2683; x_wconf 88' lang='lat' dir='ltr'><strong>in</strong></span> <span class='ocrx_word' id='word_1_305' title='bbox 594 2648 824 2683; x_wconf 78' lang='lat' dir='ltr'><strong>Anthocerote</strong></span> <span class='ocrx_word' id='word_1_306' title='bbox 849 2647 1049 2683; x_wconf 78' lang='lat' dir='ltr'><strong>brasiliense</strong></span> <span class='ocrx_word' id='word_1_307' title='bbox 1074 2659 1221 2693; x_wconf 86' lang='lat' dir='ltr'><strong>repens.</strong></span> <span class='ocrx_word' id='word_1_308' title='bbox 1270 2648 1536 2692; x_wconf 84' lang='lat' dir='ltr'><strong>(Lindenberg.</strong></span> <span class='ocrx_word' id='word_1_309' title='bbox 1563 2647 1717 2691; x_wconf 85' lang='lat' dir='ltr'><strong>Annot.)</strong></span> 
     </span>
    </p>
   </div>
   <div class='ocr_carea' id='block_1_11' title="bbox 190 2719 1719 2888">
    <p class='ocr_par' dir='ltr' id='par_1_11' title="bbox 190 2719 1719 2888">
     <span class='ocr_line' id='line_1_39' title="bbox 288 2719 1719 2768; baseline -0.004 -10"><span class='ocrx_word' id='word_1_310' title='bbox 288 2724 401 2758; x_wconf 86' lang='lat' dir='ltr'><strong>Obs.</strong></span> <span class='ocrx_word' id='word_1_311' title='bbox 447 2722 480 2756; x_wconf 89' lang='lat' dir='ltr'><strong>A</strong></span> <span class='ocrx_word' id='word_1_312' title='bbox 502 2721 673 2768; x_wconf 69' lang='lat' dir='ltr'><strong>quemzz&#39;a</strong></span> <span class='ocrx_word' id='word_1_313' title='bbox 699 2719 899 2767; x_wconf 62' lang='lat' dir='ltr'><strong>thymifolia</strong></span> <span class='ocrx_word' id='word_1_314' title='bbox 925 2723 962 2754; x_wconf 84' lang='lat' dir='ltr'><strong>et</strong></span> <span class='ocrx_word' id='word_1_315' title='bbox 985 2719 1226 2766; x_wconf 73' lang='lat' dir='ltr'><strong>serpyllif&#39;o-Iia,</strong></span> <span class='ocrx_word' id='word_1_316' title='bbox 1253 2719 1438 2763; x_wconf 83' lang='lat' dir='ltr'><strong>affinibus,</strong></span> <span class='ocrx_word' id='word_1_317' title='bbox 1465 2719 1587 2754; x_wconf 86' lang='lat' dir='ltr'><strong>differt</strong></span> <span class='ocrx_word' id='word_1_318' title='bbox 1610 2719 1719 2752; x_wconf 83' lang='lat' dir='ltr'><strong>caule</strong></span> 
     </span>
     <span class='ocr_line' id='line_1_40' title="bbox 192 2778 1717 2827; baseline -0.003 -9"><span class='ocrx_word' id='word_1_319' title='bbox 192 2788 373 2827; x_wconf 79' lang='lat' dir='ltr'><strong>angusto,</strong></span> <span class='ocrx_word' id='word_1_320' title='bbox 415 2781 513 2817; x_wconf 86' lang='lat' dir='ltr'><strong>foliis</strong></span> <span class='ocrx_word' id='word_1_321' title='bbox 552 2780 809 2821; x_wconf 85' lang='lat' dir='ltr'><strong>brevioribus,</strong></span> <span class='ocrx_word' id='word_1_322' title='bbox 855 2778 981 2813; x_wconf 92' lang='lat' dir='ltr'><strong>lobulo</strong></span> <span class='ocrx_word' id='word_1_323' title='bbox 1019 2788 1157 2822; x_wconf 83' lang='lat' dir='ltr'><strong>magno</strong></span> <span class='ocrx_word' id='word_1_324' title='bbox 1190 2779 1298 2824; x_wconf 83' lang='lat' dir='ltr'><strong>apice</strong></span> <span class='ocrx_word' id='word_1_325' title='bbox 1336 2790 1449 2824; x_wconf 87' lang='lat' dir='ltr'><strong>saepe</strong></span> <span class='ocrx_word' id='word_1_326' title='bbox 1485 2779 1717 2820; x_wconf 84' lang='lat' dir='ltr'><strong>unidentato,</strong></span> 
     </span>
     <span class='ocr_line' id='line_1_41' title="bbox 190 2837 1598 2888; baseline -0.004 -9"><span class='ocrx_word' id='word_1_327' title='bbox 190 2853 372 2888; x_wconf 81' lang='lat' dir='ltr'><strong>compage</strong></span> <span class='ocrx_word' id='word_1_328' title='bbox 397 2841 569 2885; x_wconf 83' lang='lat' dir='ltr'><strong>firmiore,</strong></span> <span class='ocrx_word' id='word_1_329' title='bbox 597 2837 877 2884; x_wconf 84' lang='lat' dir='ltr'><strong>amphigastriis</strong></span> <span class='ocrx_word' id='word_1_330' title='bbox 903 2837 1069 2880; x_wconf 80' lang='lat' dir='ltr'><strong>minutis,</strong></span> <span class='ocrx_word' id='word_1_331' title='bbox 1096 2848 1366 2884; x_wconf 88' lang='lat' dir='ltr'><strong>nonnunquam</strong></span> <span class='ocrx_word' id='word_1_332' title='bbox 1394 2839 1598 2874; x_wconf 86' lang='lat' dir='ltr'><strong>obsoletus.</strong></span> 
     </span>
    </p>
   </div>
   <div class='ocr_carea' id='block_1_12' title="bbox 190 2899 1720 3018">
    <p class='ocr_par' dir='ltr' id='par_1_12' title="bbox 190 2899 1720 3018">
     <span class='ocr_line' id='line_1_42' title="bbox 285 2899 1720 2956; baseline -0.003 -7"><span class='ocrx_word' id='word_1_333' title='bbox 285 2913 380 2949; x_wconf 87' lang='lat' dir='ltr'><strong>Var.</strong></span> <span class='ocrx_word' id='word_1_334' title='bbox 413 2912 456 2954; x_wconf 79' lang='grc' dir='ltr'><strong>β,</strong></span> <span class='ocrx_word' id='word_1_335' title='bbox 496 2911 695 2947; x_wconf 85' lang='lat' dir='ltr'><strong>teneritate</strong></span> <span class='ocrx_word' id='word_1_336' title='bbox 734 2914 772 2945; x_wconf 91' lang='lat' dir='ltr'><strong>et</strong></span> <span class='ocrx_word' id='word_1_337' title='bbox 809 2910 933 2947; x_wconf 86' lang='lat' dir='ltr'><strong>colore</strong></span> <span class='ocrx_word' id='word_1_338' title='bbox 969 2910 1070 2946; x_wconf 84' lang='lat' dir='ltr'><strong>luteo</strong></span> <span class='ocrx_word' id='word_1_339' title='bbox 1113 2899 1294 2956; x_wconf 72' lang='lat' dir='ltr'><strong>insignis,</strong></span> <span class='ocrx_word' id='word_1_340' title='bbox 1336 2915 1458 2947; x_wconf 85' lang='lat' dir='ltr'><strong>status</strong></span> <span class='ocrx_word' id='word_1_341' title='bbox 1497 2909 1624 2955; x_wconf 86' lang='lat' dir='ltr'><strong>potius</strong></span> <span class='ocrx_word' id='word_1_342' title='bbox 1662 2912 1720 2944; x_wconf 88' lang='lat' dir='ltr'><strong>est</strong></span> 
     </span>
     <span class='ocr_line' id='line_1_43' title="bbox 190 2973 555 3018; baseline 0.003 -10"><span class='ocrx_word' id='word_1_343' title='bbox 190 2973 346 3018; x_wconf 81' lang='lat' dir='ltr'><strong>plantae</strong></span> <span class='ocrx_word' id='word_1_344' title='bbox 370 2973 555 3010; x_wconf 81' lang='lat' dir='ltr'><strong>iuvenilis.</strong></span> 
     </span>
    </p>
   </div>
  </div>
 </body>
</html>
