1824 3252
789 209 982 254 Lejeunia.
1574 216 1646 248 397

127 319 418 365 simpliciusculo
444 320 586 364 rigido,
623 322 746 357 colore
778 322 895 357 dilute
927 323 1053 367 fusco,
1091 323 1189 359 foliis
1223 335 1296 360 non
1331 329 1432 361 arcte
1467 326 1640 362 dentato-

126 379 299 423 spinosis,
325 379 461 415 lobulis
485 380 656 424 minutis,
684 392 797 426 saepe
824 382 945 417 nullis.

399 475 485 507 213.
541 474 801 520 Dejeunia
827 474 1144 510 anianensis
1171 475 1218 509 N.
1247 479 1285 510 et
1311 476 1365 510 M.

220 531 264 566 L.
289 531 385 566 caule
396 531 639 578 procumbente
656 540 789 579 repente
802 533 1027 579 riyidiusculo
1046 542 1191 580 anyzcsto
1214 547 1297 580 vaye
1320 545 1452 569 ramoso
1474 537 1645 582 ramisque

122 593 294 632 curvatis,
326 591 432 636 foliis
468 591 665 625 imbricatis
701 592 1055 627 ovato-subrotundis
1089 592 1217 628 obtusis
1251 595 1386 639 apiceve
1419 595 1645 642 subrepandis

123 651 277 686 devm-vis
315 650 550 696 inteyerrimis
583 652 716 697 apiceoe
750 650 933 686 him-enatis
965 652 1038 686 basi
1067 651 1185 686 subtus
1217 653 1641 700 cucullato-complicatis,

123 710 233 745 Iobulo
264 711 386 758 inflato
421 716 598 753 truncato,
647 711 905 757 amplciyastriis
927 711 1033 757 foliis
1070 712 1177 746 multo
1212 712 1401 747 minoribus
1434 713 1644 748 ‹listcmtibus

121 769 454 804 rotzmdo-ovalihus
487 771 534 804 ad
567 771 708 804 tertiam
734 777 876 816 partem
907 777 1050 816 anyuste
1084 770 1199 816 bg'fi'clis
1233 771 1369 806 laciniis
1392 773 1494 807 rectis
1517 774 1643 816 (tentis,

110 827 239 872 fructu
264 830 301 863 in
326 828 543 864 ramulorum
567 828 642 862 basi
665 829 827 870 laterali,
855 829 962 874 foliis
994 829 1260 864 involucralibus
1292 830 1515 872 subsewratis,
1543 831 1641 876 peri-

120 886 238 920 anthia
263 887 606 922 obovato-ventrieoso
631 889 725 933 apice
749 887 908 922 cornibus
932 887 960 921 4
972 908 987 914 -
1001 887 1029 922 5
1054 889 1197 923 breviter
1221 897 1430 925 mucronato.
1482 890 1642 924 Gottsche

120 945 215 981 Icon.
242 946 318 991 Lej.
345 946 414 981 VI.
444 949 498 980 13.

311 1005 473 1044 Lejeunia
507 1006 702 1047 guianensis
732 1004 781 1038 N.
807 1010 839 1037 et
867 1005 922 1038 M.
950 1005 987 1038 in
1014 1004 1131 1040 Mont.
1159 1006 1256 1041 Ceut.
1283 1007 1335 1053 pl.
1372 1007 1447 1042 cell.
1480 1008 1518 1042 in
1543 1008 1640 1042 Arm.

395 1065 452 1097 des
475 1075 518 1097 sc.
545 1070 617 1097 nat.
645 1066 678 1096 2.
706 1063 782 1098 Ser.
811 1063 925 1097 XIV.
952 1064 1080 1110 (1840)
1103 1077 1139 1110 p.
1167 1069 1250 1101 335.
1276 1078 1311 1099 η.
1338 1069 1397 1101 69.

189 1124 222 1163 β,
250 1123 338 1154 foliis
366 1125 472 1166 magis
500 1124 695 1166 explanatis.

213 1181 374 1216 Habitat
410 1182 456 1216 ad
492 1182 648 1217 cortices
688 1182 864 1216 arborum
904 1181 941 1215 in
980 1182 1117 1216 montis
1151 1183 1311 1226 Serpent
1343 1183 1435 1217 dicti
1469 1183 1640 1219 Guianae

118 1241 288 1275 Gallicae
324 1241 428 1276 silvis
460 1241 623 1275 humidis
656 1241 854 1284 (Leprieur
891 1241 928 1274 in
970 1241 1044 1275 Hb.
1074 1242 1128 1276 M.
1157 1245 1194 1275 et
1222 1242 1271 1276 N.
1309 1253 1345 1276 n.
1380 1245 1449 1277 263
1477 1247 1513 1277 et
1537 1244 1636 1287 271).

116 1300 208 1335 Var.
235 1302 257 1340 β
283 1299 319 1334 in
347 1300 496 1335 Guiana
525 1300 680 1343 Belgica
704 1299 866 1344 (Miquel
893 1300 929 1333 in
958 1300 1034 1335 Hb.
1062 1301 1103 1337 L.
1132 1305 1170 1334 et
1196 1300 1293 1344 Lg.).

212 1359 348 1394 Colore
382 1359 696 1394 olivaceo-fusco
731 1359 984 1402 nigrescente,
1025 1360 1138 1394 ramis
1170 1360 1277 1404 apice
1311 1360 1515 1404 gracilibus
1541 1362 1639 1396 foliis

115 1418 289 1452 secundis
323 1429 437 1463 saepe
472 1419 636 1460 vestitis,
671 1418 948 1462 amphigastriis
983 1419 1109 1463 parvis
1136 1419 1403 1460 subrotundis‚
1439 1420 1638 1464 perianthii

114 1477 290 1511 cornibus
311 1478 543 1511 brevissimis
569 1477 747 1511 distincta
767 1482 823 1512 est
849 1483 885 1512 et
903 1479 950 1512 ab
978 1478 1169 1514 affinibus:
1197 1479 1241 1512 L.
1267 1485 1423 1520 cornuta,
1450 1478 1638 1523 lmzyicwvzi

114 1541 151 1569 et
177 1537 402 1570 transversarii
428 1537 707 1580 distinguenda.

206 1595 367 1629 Fructus
393 1596 556 1630 lateralis
582 1597 736 1631 sessilis.
783 1596 1041 1630 Perianthium
1069 1596 1292 1638 obovatum‚
1320 1596 1634 1640 quinquemucro-

111 1654 300 1691 nulatum.
342 1655 665 1701 Lej.ce1·(ctcznthae
698 1655 861 1689 maxime
889 1656 1017 1697 affine3
1056 1655 1171 1689 facies
1205 1655 1362 1689 dorsalis
1396 1656 1470 1690 duo
1496 1667 1638 1690 cornua

111 1713 279 1747 lateralia
316 1714 460 1749 minora
494 1715 627 1757 habet,
662 1715 727 1749 sed
763 1715 800 1748 in
837 1714 959 1748 medio
996 1715 1102 1748 adest
1136 1725 1255 1757 apex;
1294 1714 1460 1756 longiora
1494 1725 1632 1749 cornua

109 1771 222 1805 facies
275 1773 450 1807 ventralis
496 1773 621 1808 habet.
689 1773 794 1807 Folia
836 1773 1082 1807 involucralia
1126 1773 1213 1807 bina
1261 1778 1372 1807 ovato
1393 1794 1409 1799 -
1430 1774 1632 1817 apiculam,

110 1831 215 1874 apice
242 1837 384 1865 serrata
411 1832 706 1874 denticulatave‚
737 1832 860 1866 biloba
878 1859 886 1873 ,
924 1833 1048 1866 lobulo
1074 1831 1229 1866 ventrali
1257 1832 1417 1874 oblongo
1443 1832 1631 1865 interdum

109 1890 325 1934 cuspidato,
353 1892 411 1925 vel
438 1891 696 1934 bicuspidam,
732 1891 789 1924 vel
816 1895 1001 1925 truncato.
1060 1890 1375 1934 Amphigastrium
1402 1890 1632 1925 involucrale

108 1949 227 1982 maius
254 1949 416 1991 bifidum,
444 1949 675 1992 marginibus
701 1949 904 1992 angulosis.
1267 1943 1272 1947 ”

203 2008 309 2042 Folia
343 2008 450 2052 apice
485 2008 640 2042 incurvo
681 2008 862 2050 anguloso
898 2008 954 2041 vel
991 2007 1137 2050 angulis
1172 2006 1470 2050 prominentibus
1506 2008 1630 2043 denti-

107 2068 230 2101 culata
256 2068 429 2102 videntur
456 2071 496 2101 ut
522 2067 558 2101 in
585 2066 738 2111 reliquis
766 2066 1086 2101 Ceratanthaceis.

383 2164 465 2195 214.
516 2161 775 2208 mejeunia
800 2161 1217 2207 Sinyapnrensis
1242 2161 1363 2204 Ldbg.

202 2233 247 2266 L.
273 2232 368 2266 caule
392 2240 526 2278 repente
540 2233 690 2278 flaccido
716 2245 797 2277 ναμε
819 2244 922 2279 parce
948 2244 1103 2273 ramoso,
1126 2232 1233 2277 foliis
1263 2231 1455 2266 imbricatis
1479 2232 1631 2278 oblonfsz‘s

106 2292 259 2326 com-eris
282 2291 480 2336 subiyfiexis
504 2291 632 2326 obtusis
663 2292 896 2337 inteqer'rimis
930 2291 1003 2326 basi
1035 2293 1234 2325 decurrente
1258 2291 1486 2337 complicatis,
1520 2291 1630 2326 lobulo

101 2361 212 2395 parco
247 2356 425 2392 truncato,
468 2351 728 2396 amplviyastriis
749 2350 856 2396 foliis
889 2351 992 2397 duplo
1030 2351 1219 2386 minoribus
1259 2352 1430 2397 contiquz‘s
1465 2354 1628 2387 rotundo-

106 2410 214 2442 ocatc's
238 2416 336 2443 acute
361 2409 408 2442 ad
429 2410 578 2443 medium
602 2421 706 2455 usque
732 2409 858 2456 bfidis,
872 2410 1003 2455 fructu
1028 2412 1066 2445 in
1092 2411 1166 2445 basi
1189 2423 1366 2444 ramorum
1390 2410 1510 2453 sessili,
1524 2411 1630 2456 foliis

106 2467 375 2502 imolam-alibus
406 2469 654 2513 inteqerrimis,
689 2469 896 2515 periantlziis
929 2469 1081 2515 oblonyis
1111 2470 1310 2504 ventricosis
1333 2470 1628 2514 quadricornibus,

106 2527 264 2561 cornibus
288 2526 442 2562 brevibus
464 2529 596 2562 erectis.

203 2586 363 2621 Habitat
393 2586 432 2620 in
467 2587 656 2632 Singapur
681 2587 787 2623 inter.
807 2586 1089 2634 IlIccstiqobryum
1117 2587 1387 2621 Wallielzianum
1414 2587 1506 2631 (Hb.
1536 2585 1625 2627 Hk„

107 2643 164 2685 L„
189 2643 257 2687 Lg.
284 2648 321 2678 et
348 2644 428 2690 N.).

202 2703 236 2736 A
262 2704 337 2749 Lej.
363 2711 526 2747 cornuta,
562 2716 660 2750 quae
693 2706 890 2750 proxima,
927 2705 1086 2750 aliisque
1122 2705 1292 2740 affinibus
1318 2704 1460 2739 differt:
1503 2704 1625 2739 colore

109 2760 378 2804 viridi—lurido,
405 2760 512 2798 caule
538 2765 706 2808 flaccido,
734 2765 833 2800 foliis
855 2764 1085 2808 longioribus
1110 2764 1191 2798 basi
1211 2762 1495 2798 decurrentibus
1516 2762 1626 2806 plane

107 2819 357 2861 integerrimis
383 2825 424 2855 ut
450 2826 487 2856 et
513 2823 816 2867 iuvolucralibus,
845 2823 1120 2868 amphigastriis
1147 2821 1488 2863 rotundo-ovatis,
1516 2820 1626 2854 nullis

108 2878 564 2925 cordato-renisormibus,
591 2883 810 2926 perianthiis
836 2882 1059 2918 ventricosis
1077 2883 1124 2917 ad
1143 2882 1287 2927 apicem
1305 2879 1626 2915 contractiusculis

108 2936 325 2973 brevissime
351 2939 526 2975 cornutis.
