1824 3252
162 155 234 188 412
817 148 1023 183 Frullania.

164 267 308 300 tundata
343 264 563 309 inteqerrimo
593 263 746 296 siccitate
770 262 926 305 maryine
949 273 1090 295 remtrvo
1122 261 1195 295 basi
1218 263 1382 307 utrinque
1405 263 1540 305 aurito3
1574 261 1685 297 lobulo

162 325 327 370 inferiori
350 324 482 357 minuto
503 321 716 366 yalet'formi,
743 320 1003 366 ampltiyustm‘is
1027 319 1178 364 oblonyz's
1203 320 1319 365 bffide
1342 322 1499 366 maryine
1513 321 1658 368 reflexis.

352 382 620 424 Juugermannia
647 381 835 424 pycnantha
865 378 997 424 Taylor
1022 379 1114 425 Hep.
1141 387 1290 414 amaret.
1323 381 1361 415 in
1386 381 1529 417 Loudon
1553 383 1682 418 Journ-

439 427 484 472 of
502 426 568 460 bot.
597 430 699 461 1844.
719 439 758 473 p.
785 429 868 461 566.
892 439 927 460 n.
953 429 1011 460 31.

256 487 416 522 Habitat
441 487 479 520 in
507 486 616 520 Nova
644 486 859 519 Zeelandia.

258 545 454 589 Caespites
488 545 644 589 pedales
678 550 716 579 et
754 545 870 586 ultra,
912 544 1051 588 pallide
1085 543 1241 578 olivacei
1286 544 1425 588 (partes
1461 546 1683 582 vetustiores

161 605 305 647 fuscae)
330 610 431 639 arcte
457 604 632 638 intricati.
690 604 829 638 Caules
856 602 931 638 fere
961 604 1218 648 bipolficares,
1246 607 1397 646 tenues,
1425 603 1517 636 rami
1544 605 1683 639 caulini

160 664 291 708 pauci,
319 664 451 698 ramuli
477 663 726 698 involucrales
755 663 1068 708 frequentissimi,
1103 664 1332 698 alternantes
1357 668 1394 698 et
1419 665 1569 699 surculo
1593 664 1680 709 pin-

160 726 290 757 natum
318 723 535 767 adspectum
563 723 801 766 praebentes.

255 782 444 817 Foliorum
472 782 565 817 disci
593 782 668 816 fere
695 782 732 815 in
751 782 859 816 caule
878 782 1220 826 perpendiculares,
1247 780 1433 816 imbricati
1452 785 1489 816 et
1513 782 1681 826 adpressi

158 842 327 885 margine
353 852 482 876 versus
510 842 654 886 apicem
682 853 836 876 recurvo
863 841 900 875 in
928 846 1030 876 statu
1059 842 1179 882 sicco,
1214 840 1279 874 sed
1313 840 1351 874 in
1386 841 1599 876 humectato
1629 842 1682 876 ita

157 905 329 944 patentes
356 906 397 935 ut
422 913 461 936 se
488 902 650 935 invicem
675 912 747 935 non
775 905 944 944 tangant.
1000 900 1108 934 Folia
1133 899 1442 943 amplexicaulia,
1476 901 1541 934 sed
1566 912 1682 945 prope

158 960 398 994 insertionem
428 971 448 994 a
476 961 582 994 caule
609 960 756 994 deflexa
782 960 955 1005 utrinque
981 959 1018 993 in
1047 970 1261 1003 processum
1289 959 1440 1003 planum
1468 959 1679 994 rotundum.

158 1018 427 1064 Amplaeiyastria
462 1021 607 1053 caulem
629 1020 694 1054 vix
722 1020 926 1054 excedunt.
980 1019 1084 1053 Folia
1109 1017 1339 1052 insolam-alia
1372 1019 1487 1053 multo
1513 1018 1680 1061 longiora

156 1089 268 1122 quam
295 1079 465 1121 caulina,
501 1086 644 1121 erecta,
671 1079 826 1123 paululo
852 1089 1037 1119 concava,
1075 1078 1201 1112 lobulo
1236 1078 1466 1119 lanceolato,
1503 1078 1681 1122 depresso

157 1142 281 1172 erecto
319 1143 355 1172 et
392 1150 569 1183 processu
618 1139 773 1173 dentato
814 1138 980 1178 munito;
1029 1136 1296 1180 amphigastrio
1331 1135 1443 1170 bifido
1478 1137 1681 1179 segmentis

156 1196 330 1232 dentatis.

459 1261 494 1292 3.
544 1258 834 1292 Frulzania
859 1257 1213 1300 squarrosula
1237 1257 1400 1300 Taylor:

250 1318 317 1351 Fr.
351 1317 447 1351 caule
472 1316 714 1362 procumbente
744 1315 982 1362 subpimzatim
1013 1328 1168 1357 ramoso,
1194 1316 1301 1361 foliis
1333 1315 1528 1349 imbricatis
1555 1321 1680 1349 erecto-

149 1375 352 1422 patentibus
385 1377 620 1421 integerrimis
650 1376 848 1409 rotundatis
880 1377 1036 1420 mar-(line
1068 1375 1232 1420 inferiori
1272 1375 1395 1421 reflexo
1428 1375 1558 1409 cellulis
1588 1375 1680 1409 basi-

156 1434 287 1469 laribus
319 1435 508 1470 maioribus
543 1435 615 1470 lobo
648 1436 812 1481 ‘iuferiora‘
852 1435 984 1469 minuto
1021 1434 1207 1468 lanceolato
1244 1436 1375 1468 tumido
1413 1435 1508 1480 apice
1543 1434 1679 1481 cleflew,

156 1493 416 1539 amplziyastriis
448 1496 782 1529 rotundato-ovans
807 1494 923 1538 bifidis
947 1495 1200 1538 iuteyerrz'mis,
1228 1493 1429 1539 periautleio
1461 1506 1503 1528 ex
1533 1500 1680 1538 anqusta

155 1550 228 1586 basi
251 1553 388 1587 oborato
414 1554 602 1600 triplicato,
622 1555 813 1600 periyoniis
839 1553 1039 1587 lateralibus
1063 1554 1271 1587 rotundatis.

345 1615 614 1656 Jungermanuia
641 1616 858 1658 squam-esula
889 1612 1021 1659 Taylor
1048 1613 1142 1659 Hep.
1169 1619 1319 1647 amaret.
1345 1614 1383 1647 in
1410 1613 1521 1647 Loml.
1547 1613 1677 1647 Journ.

433 1662 478 1707 of
495 1661 630 1708 botauy.
660 1665 765 1696 1845.
789 1674 825 1707 p.
853 1664 908 1695 88.
934 1673 969 1695 n.
998 1662 1057 1694 20.

252 1720 412 1754 Habitat
436 1720 473 1754 in
504 1721 612 1755 Nova
639 1721 842 1754 Zeelandia
869 1721 915 1754 ad
944 1720 1139 1755 Lichenes.

251 1779 448 1823 Caespites
482 1781 583 1823 laxi,
621 1780 884 1815 rubro-fusci.
938 1780 1060 1814 Caules
1088 1779 1150 1813 vix
1176 1778 1387 1823 pollicares.
1439 1778 1546 1813 Folia
1572 1778 1678 1822 apice

155 1850 268 1884 saepe
295 1840 460 1874 scariosa
488 1845 524 1873 et
550 1840 690 1875 albida.
740 1840 992 1873 Periautlzium
1026 1849 1203 1882 magnum
1230 1837 1278 1871 ad
1317 1837 1498 1873 rationem
1525 1839 1677 1879 surculi,

153 1899 472 1940 semHmmersum,
500 1899 610 1933 dorso
638 1899 887 1933 bicarinatum
915 1903 1042 1933 ventre
1069 1897 1359 1931 unicarinatum.

253 1959 412 2002 Propius
441 1958 587 1993 aceedit
611 1958 659 1992 ad
685 1958 911 1992 Frullanz'am
932 1957 1110 2002 yibbosam
1144 1958 1209 1992 sed
1245 1962 1302 1991 est
1333 1956 1452 1991 minor
1484 1960 1522 1990 et
1555 1956 1676 1991 minus

154 2017 294 2059 viridis,
322 2018 512 2052 auriculae
538 2017 728 2052 tenuiores
755 2017 992 2051 acuminatae
1018 2022 1055 2052 et
1080 2017 1262 2052 deflexae.
1639 2025 1641 2028 ⁴

358 2092 393 2123 4.
444 2089 733 2123 Frullania
759 2088 1328 2132 Sebastianopolitcma
1353 2087 1472 2129 Ldbg.

247 2147 315 2181 Fr.
341 2148 480 2195 diqyna,
519 2148 616 2182 caule
640 2154 773 2194 repente
789 2148 968 2194 pinnatim
993 2149 1234 2194 decomposito‚
1253 2146 1360 2193 foliis
1383 2146 1576 2181 imbricatis
1597 2144 1676 2180 sub-

150 2205 351 2241 orbiculatis
374 2207 613 2252 inteqerrimis,
638 2206 798 2241 auricula
819 2206 1021 2252 yalez'formi
1052 2206 1175 2240 lunata
1199 2207 1236 2240 in
1260 2213 1413 2240 rostrum
1438 2204 1571 2250 lonyius
1589 2216 1675 2250 pro-

152 2266 274 2306 ducta,
308 2265 534 2311 appendiculo
567 2267 849 2300 ovato-rotundo
884 2267 1041 2300 deorsum
1067 2266 1237 2312 producto
1262 2266 1503 2311 inteyerrimo,
1540 2265 1674 2311 amphi-

146 2324 293 2368 yastriis
312 2324 420 2369 foliis
451 2325 553 2371 duplo
584 2325 775 2359 minoribus
805 2326 963 2360 rotundis
1001 2326 1238 2371 inteyerrimis
1271 2325 1417 2359 breviter
1445 2325 1676 2370 enmryinatz's

148 2385 230 2417 sinu
260 2391 363 2419 acuto
394 2383 548 2418 obtusove
583 2384 740 2419 dentibus
770 2386 899 2428 acutis,
922 2385 1056 2430 fructu
1087 2386 1125 2418 in
1154 2384 1303 2419 ramulis
1326 2383 1547 2425 lateralibus,
1566 2382 1672 2428 foliis

149 2443 418 2478 iurolucralibus
436 2444 673 2490 perimzthium
696 2444 985 2490 subaequmttibus
1009 2445 1126 2490 ὒῇῖἅίε
1149 2447 1262 2480 acutis
1285 2445 1515 2490 inteyerrimis
1537 2443 1673 2488 (raris-

148 2504 234 2536 sime
257 2502 510 2549 subserratis)‚
530 2504 731 2549 periantlzio
756 2503 899 2550 oblonyo
925 2506 1023 2539 dorso
1047 2506 1150 2548 uni-,
1175 2512 1292 2539 ventre
1316 2504 1528 2546 bicarinato,
1553 2504 1674 2538 carina

149 2560 280 2595 dorsa-li
303 2574 448 2607 superne
473 2562 714 2609 bi-tm‘plieata.
768 2563 928 2597 Gottsche
954 2564 1050 2598 Icon.
1077 2564 1246 2598 Frullan.
1272 2564 1364 2599 ined.

340 2622 578 2654 Frullanoides
603 2622 866 2662 Riojaneirensis
894 2623 1018 2658 Raddi
1032 2624 1180 2668 C'rittoy.
1197 2623 1306 2658 Bras.
1332 2623 1369 2657 in
1392 2623 1504 2657 Mem.
1520 2624 1558 2657 di
1571 2623 1672 2658 Mod.

430 2669 475 2703 T.
501 2669 620 2703 XIX.
648 2670 783 2713 (1823.)
804 2682 843 2715 p.
870 2674 929 2705 37.
960 2672 1004 2706 T.
1032 2672 1130 2709 XX.
1154 2673 1296 2716 (1827.)
1326 2678 1351 2704 t.
1377 2674 1411 2706 2.
1426 2671 1466 2716 f.
1491 2675 1528 2706 4.

339 2729 610 2771 Jungermannia
637 2729 784 2762 obscura
812 2729 884 2764 Sw.
899 2730 958 2765 Fl.
974 2730 1055 2765 Iud.
1068 2731 1172 2765 occid.
1187 2731 1309 2776 HLP.
1328 2732 1419 2765 1869
1444 2729 1511 2774 (ex
1530 2729 1670 2775 parte).

339 2788 608 2869 sungerrgzuquia
635 2788 780 2869 oggerum
806 2802 876 2822 var.
900 2800 922 2819 a
951 2790 999 2824 N.
1024 2790 1066 2824 ab
1091 2790 1139 2825 Ε.
1165 2790 1203 2824 in
1229 2789 1346 2824 Mart.
1375 2788 1472 2825 Flor.
1501 2789 1611 2824 Bra-5.
1637 2788 1669 2822 Ῑ.

422 2846 463 2879 p.
564 2860 572 2868 .
596 2846 632 2870 n.
710 2860 718 2868 .

338 2894 607 2936 Jnngermannia
634 2895 841 2939 cor-ynantha
867 2895 1062 2942 Schwaeyr.
1094 2896 1131 2930 in
1159 2895 1272 2931 Herb.
1300 2897 1413 2932 Acad.
1440 2897 1585 2943 Petrop.
