1824 3252
174 213 250 248 ¹760
841 206 1036 252 Lejeunia.

273 325 472 370 Caespites
498 323 583 365 lati,
610 322 740 364 densi,
765 321 1087 357 olivaceo-fusci.
1139 321 1279 356 Caules
1311 321 1376 357 vix
1404 322 1575 367 pollicem
1603 322 1717 367 longi,

177 385 417 420 multiramei.
476 381 843 428 Amphigastriorum
888 380 1076 425 margines
1113 381 1286 416 flexuosi.
1359 381 1548 417 Involucra
1573 382 1717 418 sterilia

177 449 315 486 erecta,
343 444 562 488 cylindrica.

272 503 409 537 Differt
444 514 464 537 a
498 503 576 550 Lej.
615 502 764 547 trifaria
807 500 906 536 foliis
950 500 1183 546 longioribus
1221 500 1467 535 acutiusculis
1505 506 1542 536 et
1581 501 1717 537 areolis

176 563 397 598 minoribus.

176 657 212 691 p.
240 650 325 681 362.
508 649 588 681 126.
640 646 902 692 Dejeunia
929 648 1187 693 conti-qua
1216 645 1263 681 N.
1292 646 1339 680 ab
1369 645 1410 680 E.

323 725 357 761 β,
384 720 545 754 tenerior.

178 779 285 814 Adde
312 780 404 814 locis
433 779 644 814 natalibus:
675 778 844 813 Mirador
872 778 1162 813 Mexicanorum
1192 778 1423 824 (Liebman).

178 884 214 918 p.
242 876 326 908 362.
448 875 516 907 126
534 873 570 906 b.
622 872 886 918 Lejermu‘a
909 871 1296 907 Drummondii
1322 873 1471 917 Taylor.

275 947 318 980 L.
346 947 442 980 caule
467 943 614 990 implero
641 956 721 989 vaye
744 934 892 989 pinnato
920 950 1074 990 repente,
1100 944 1207 988 foliis
1241 952 1336 979 arcte
1370 944 1563 980 imbricatis
1595 953 1721 980 erecto-

173 1007 373 1053 patentibus
407 1005 558 1051 oblonyis
590 1005 830 1039 obtusiusculis
866 1004 1102 1048 inteyerrimis
1136 1005 1234 1050 apice
1268 1006 1423 1039 recurvis
1459 1004 1533 1038 basi
1565 1005 1722 1039 sinuato-

177 1066 406 1113 complicatis‚
442 1065 566 1100 lobulis
599 1066 710 1099 oratis
746 1063 911 1099 involutis
937 1064 1280 1106 subdecurrentibus,
1315 1065 1579 1111 amplziyascmtis
1601 1067 1724 1111 parvis

178 1128 338 1161 rotundis
377 1126 514 1171 bffidis,
554 1125 756 1172 periantltio
795 1124 937 1159 laterali
972 1124 1202 1159 oblmzceoluto
1238 1125 1495 1171 quinquealato,
1530 1125 1725 1170 periyoniis

180 1185 382 1222 lateralibus
408 1187 567 1221 rotundzs
592 1198 695 1232 quam
711 1184 811 1230 solia
835 1183 1040 1219 minoribus.

374 1249 538 1286 Lejeunia
567 1247 819 1278 Drummoudii
851 1245 953 1291 Tayl.
985 1246 1073 1279 Nor.
1104 1246 1195 1292 Hep.
1224 1246 1259 1279 in
1294 1245 1401 1279 Lond.
1429 1245 1558 1280 ἄστυ-η.
1592 1245 1637 1292 of
1657 1244 1722 1281 bot.

465 1309 569 1341 1846.
591 1319 630 1353 p.
659 1308 742 1340 400.
770 1318 804 1340 η.
833 1307 892 1340 29.

278 1380 440 1414 Habitat
456 1368 504 1414 =in
532 1379 725 1413 Australia
754 1379 800 1412 ad
830 1379 987 1413 Flumen
1016 1378 1231 1421 Cygnorum
1259 1377 1547 1421 (Druinmond).

280 1439 427 1473 Pallido
455 1440 668 1474 straminea.
721 1439 826 1473 Folia
866 1439 1033 1482 longiora
1067 1444 1104 1471 et
1139 1436 1306 1471 acutiora
1343 1448 1455 1482 quam
1491 1438 1526 1472 in
1555 1438 1726 1484 Legjeum‘a

181 1501 354 1546 contiyna.
410 1501 566 1544 (Taylor
592 1501 615 1535 1.
645 1504 695 1545 c.)

182 1606 219 1640 p.
245 1597 328 1630 362.
433 1597 501 1629 126
515 1606 546 1628 c.
599 1594 864 1640 Lejeum‘a
891 1593 1155 1628 comitans
1184 1590 1615 1635 Hook.jun.etTaylor.

278 1666 321 1700 L.
349 1665 445 1700 caule
471 1665 617 1713 implexo
637 1664 882 1712 procumbente
905 1676 988 1708 vaye
1013 1663 1220 1704 subramoso‚
1252 1662 1402 1697 surculis
1425 1674 1564 1696 sursum
1588 1662 1724 1696 incras-

179 1727 278 1767 satis,
293 1725 400 1771 soliis
426 1725 619 1760 imbricatis
645 1726 788 1760 tumidis
811 1722 1012 1771 patentibus
1037 1722 1190 1768 oblonyzs
1215 1722 1441 1757 acutiusculis
1467 1724 1565 1769 apice
1575 1723 1728 1757 recurvis

179 1786 439 1831 inteyerrfflzis,
476 1785 600 1820 Iobulis
633 1787 745 1820 ovatis
782 1785 917 1831 inflescz's
949 1783 1247 1823 submzidentatis,
1289 1783 1551 1829 amplciyastriis
1583 1782 1728 1816 minutis

180 1845 392 1892 incontiyuis
405 1847 602 1881 rotundatis
616 1846 743 1891 ὀῂῖιίἰε,
752 1844 956 1892 periantlze'o
975 1843 1122 1878 (willari
1137 1843 1334 1878 subexserto
1347 1843 1528 1877 obcordato
1545 1843 1727 1888 triquetro.

377 1908 542 1947 Lejeunia
580 1909 749 1940 comitans
797 1904 901 1952 Tayl.
938 1904 1027 1938 Nov.
1063 1904 1159 1950 Hep.
1194 1904 1232 1937 in
1275 1903 1389 1938 Lond.
1425 1903 1553 1937 Journ.
1588 1903 1634 1948 of
1658 1901 1726 1937 bot.

470 1968 570 2001 1846.
594 1978 633 2012 p.
659 1969 744 2000 400.
770 1979 805 1999 n.
832 1969 890 1999 30.

281 2037 441 2071 Habitat
467 2038 503 2071 in
536 2037 644 2071 Nova
672 2036 879 2070 Zeelandia
907 2046 991 2069 cum
1023 2035 1246 2081 Ptychantho
1273 2034 1381 2068 molli.

283 2096 430 2132 Pallide
464 2097 645 2131 olivacea.
705 2095 830 2131 Canles
869 2095 932 2129 vix
969 2094 1182 2129 bilineares.
1235 2093 1342 2127 Folia
1377 2094 1518 2127 minute
1545 2091 1726 2133 areolata,

186 2160 288 2191 arcte
313 2157 524 2192 imbricata.
578 2157 831 2191 Periantlzium
867 2156 982 2190 dorso
1017 2154 1321 2197 complanatum,
1359 2157 1489 2187 ventre
1524 2153 1599 2186 late
1638 2152 1723 2187 uni-

185 2217 408 2252 carinatum.

280 2278 357 2325 Lej.
384 2279 563 2324 contiyuae
587 2276 811 2323 persimilis,
839 2275 906 2310 sed
933 2273 1145 2319 perianthia
1174 2283 1247 2307 non
1269 2277 1355 2307 sunt
1381 2271 1727 2318 quinquangularia

185 2342 224 2374 et
250 2338 339 2373 folia
365 2343 453 2373 sunt
479 2338 648 2383 longiora
674 2341 711 2372 et
737 2336 919 2372 acutiora.
971 2333 1127 2380 (Taylor
1154 2332 1177 2366 l.
1205 2336 1259 2378 c.)

186 2443 224 2477 p.
249 2434 334 2467 362.
499 2451 503 2453 -
552 2434 634 2466 127.
684 2430 948 2477 LeJeunia
974 2437 1145 2475 opaca
1172 2426 1364 2463 Gottsche.

285 2503 536 2550 efilzformis,
577 2506 755 2548 elongata,
796 2512 955 2548 angusta,
993 2501 1084 2535 foliis
1123 2502 1276 2542 inflexis,
1319 2498 1573 2544 amphigastriis
1610 2498 1727 2530 minus

333 2565 449 2598 densis
476 2566 744 2608 angustioribus.

383 2622 556 2659 Liebman
580 2623 660 2658 Iter
686 2623 862 2657 Alexican.
887 2623 1009 2657 inedit.

286 2695 450 2731 Habitat
484 2695 521 2730 in
558 2694 667 2730 terris
696 2694 911 2729 Mexioanis
949 2695 997 2728 ad
1025 2693 1196 2729 Mirador
1222 2697 1259 2727 et
1290 2690 1445 2735 Colipa‚
1491 2700 1576 2723 cum
1610 2689 1729 2724 forma

190 2756 289 2792 inter
322 2756 517 2800 vulgarem
548 2759 587 2790 et
620 2765 687 2788 var
720 2764 746 2793 ’γ
766 2754 1001 2799 yenicnlatam
1037 2752 1281 2794 intermedia,
1318 2761 1416 2796 quae
1453 2749 1500 2784 ad
1529 2749 1729 2784 Huatusco

191 2821 229 2852 et
254 2816 302 2851 ad
328 2815 526 2861 Tepinapa
550 2825 699 2860 quoque
728 2815 824 2849 lecta
851 2818 920 2849 est.
970 2813 1204 2858 (Liebman.)

191 2920 230 2954 p.
255 2911 340 2944 363.
534 2911 614 2944 128.
662 2907 925 2954 Dejeunia
951 2914 1178 2942 amoena
1204 2903 1398 2939 Gottsche.

194 2981 304 3017 Adde
331 2980 421 3017 locis
448 2981 659 3017 natalibus:
686 2979 887 3015 Haoienda
912 2977 959 3012 de
986 2977 1089 3012 Fovo
1115 2975 1404 3011 Mexicanorum
1430 2973 1662 3019 (Liebman).
