1824 3252
769 187 931 221 Aneura.
1531 195 1604 226 499

205 309 230 338 γ
247 305 264 330 2
279 310 314 341 οι,
333 296 497 340 saxicola,
523 300 655 331 laciniis
679 300 907 343 laciniilisque
933 299 1155 333 difformibus
1171 302 1280 345 planis
1295 302 1485 335 latiusculis
1512 305 1603 336 irre—-

331 359 494 400 gulariter
518 359 804 402 inciso—palmatis
831 361 993 400 cuneatis,
1019 360 1171 402 apicibus
1198 362 1361 394 truncatis
1385 361 1602 395 denticulatis

328 417 545 456 lobulatisve‚
571 418 717 460 calyptra
743 418 882 450 lacinias
909 419 1152 461 subaequante.

366 474 413 507 N.
440 474 483 507 ab
509 475 555 509 E.
584 475 606 509 l.
632 488 660 509 c.
687 487 726 521 p.
752 478 836 510 460.

362 534 634 576 Jungermannia
659 536 805 578 palmata
832 534 888 568 Sc.
916 534 1052 567 Amans
1076 534 1138 569 Fl.
1166 535 1280 579 Aqen.
1300 548 1340 581 p.
1367 540 1450 572 462.
1477 542 1579 575 n.ll.

204 600 229 630 ’γ
247 592 315 633 2β,
329 593 515 634 concinna,
550 594 680 624 laciniis
712 594 972 626 confertissimis
1006 594 1278 626 cuneiformibus
1305 598 1505 638 regulariter
1529 600 1605 642 pal—-

331 651 501 691 mainsidis,
526 653 680 684 lacinulis
705 653 890 684 linearibus
916 653 1024 695 planis
1050 653 1237 695 fastigiatis.
1261 672 1306 677 —
1334 654 1380 687 N.
1393 654 1435 688 ab
1450 655 1497 689 E.
1525 656 1547 690 l.
1574 669 1603 692 c.

361 711 632 752 Jungermannia
670 713 816 754 palmata
863 711 984 744 Hedw.
1029 709 1155 744 Theor.
1197 710 1282 744 Gen.
1319 713 1369 745 ed.
1408 716 1438 746 l.
1480 721 1506 748 t.
1547 719 1602 750 18.

398 757 454 803 ff.
488 760 676 791 93—95.
709 759 758 791 ed.
785 761 819 792 2.
857 765 881 792 t.
916 762 974 792 20.
1000 756 1054 803 ff.
1088 761 1216 792 5—7.
1250 765 1276 793 t.
1300 759 1437 805 21.ff.
1477 764 1603 796 1—3.

410 803 577 837 Lindenb.
604 805 697 850 Hep.
724 805 817 838 Eur.
845 817 884 850 p.
910 808 969 839 99.
1001 818 1035 838 n.
1066 808 1145 840 105.
1196 806 1317 851 Illouy.
1344 813 1376 840 et
1402 808 1511 843 Nestl.
1547 809 1603 844 St.

415 851 632 895 V09.-then.
660 852 690 885 1.
716 864 751 885 n·
778 855 836 886 54.
863 851 964 895 (cum
989 863 1013 891 ’γ
1033 856 1094 891 2γ
1120 855 1346 898 leptomera.)
1395 854 1604 891 Schweinitz

410 899 502 978 filleip.
539 898 622 931 Am.
648 905 730 944 sept.
762 911 801 944 p.
834 902 893 933 20.
928 912 963 934 n.
990 902 1048 934 53.
1108 899 1251 933 Swartz
1284 900 1346 935 Fl.
1380 901 1460 936 Incl.
1494 905 1601 939 occid.

360 1004 631 1045 Jungermannia
666 1005 833 1036 multifida
866 1013 891 1041 ’γ
925 1007 1071 1048 palmata
1106 1004 1219 1038 Hoolt.
1253 1005 1354 1041 Brit.
1387 1006 1449 1041 Fl.
1483 1008 1531 1044 V.
1571 1012 1602 1043 1,

401 1062 440 1095 p.
475 1053 550 1084 125.
576 1049 683 1093 (ezel.
708 1063 781 1096 syn.
808 1053 838 1083 J.
864 1053 992 1084 furcata
1018 1052 1168 1097 Heclw.)

239 1106 371 1150 yzss*,
395 1108 576 1154 prolffera,
606 1123 646 1142 ex
673 1112 765 1154 apice
793 1111 931 1142 dilatato
960 1113 1176 1155 crispamque
1202 1113 1375 1155 prolisera.

364 1157 412 1190 N.
439 1155 481 1189 ab
508 1156 554 1191 Ε.
583 1156 605 1189 l.
632 1169 659 1190 c.

204 1222 310 1256 727,
334 1214 529 1260 leptomera‚
556 1217 685 1247 laciniis
707 1217 968 1248 confertissimis
995 1217 1156 1248 brevibus
1177 1219 1314 1250 furcatis
1335 1217 1603 1260 palmatifidisve,

329 1275 485 1305 lacinulis
511 1276 758 1317 angustissimis
785 1276 1125 1318 tereti-compressis
1150 1276 1338 1317 fastigiatis.

363 1332 411 1366 N.
438 1330 480 1365 ab
505 1332 552 1365 E.
580 1331 602 1365 l.
630 1344 657 1366 e.
677 1344 717 1377 p.
744 1334 826 1366 461.

239 1392 376 1431 727²*‚
402 1397 595 1431 attenuata,
621 1393 777 1422 laciuulis
803 1392 1019 1434 longioribus
1047 1393 1237 1423 attenuatis.

364 1438 411 1471 N.
438 1438 481 1471 ab
507 1438 552 1472 E.
581 1437 604 1471 l.
630 1450 657 1471 c.
679 1449 718 1483 p.
745 1440 828 1472 462.

203 1504 258 1530 72
276 1497 306 1539 δ,
333 1498 511 1538 innovans,
537 1499 668 1529 laciniis
694 1499 918 1540 laciuulisque
947 1497 1286 1539 tereti-compressis
1313 1496 1602 1528 subdichotomo-

328 1557 556 1600 palmatifidis,
582 1557 738 1588 lacinulis
766 1557 940 1596 fastigiatis
957 1556 1050 1597 apice
1073 1555 1299 1598 subcapitati5‚
1325 1555 1603 1587 innovationibus

332 1615 567 1647 terminalibus
594 1613 953 1646 laciniam-multifidis
980 1614 1087 1654 planis
1113 1614 1269 1645 laciuulis
1295 1614 1404 1644 multo
1426 1614 1602 1645 latioribus

332 1675 427 1717 apice
453 1673 730 1716 propaguliferis.

181 1732 342 1766 Habitat
368 1731 405 1764 in
432 1735 530 1764 terra
557 1731 658 1764 nuda
683 1729 762 1763 solo
789 1729 965 1772 argilloso
992 1733 1028 1762 et
1049 1739 1218 1770 arenoso,
1247 1728 1294 1762 ad
1318 1739 1425 1771 saxa,
1452 1733 1604 1764 truncos

85 1795 121 1824 et
148 1791 294 1825 radices
321 1790 495 1824 arborum
523 1794 591 1823 etc.
619 1788 858 1830 Germaniae,
886 1787 1085 1822 Helvetiae
1112 1796 1148 1821 et
1175 1788 1349 1822 Russiae.

300 1864 335 1895 7.
386 1862 608 1896 Aneara
634 1859 916 1895 aleia-ornis
941 1859 1078 1902 Taylor
1103 1863 1140 1892 et
1167 1859 1385 1902 Hook.jun.

180 1921 228 1955 A.
244 1921 375 1966 fronde
400 1919 583 1964 caespitosa
608 1925 722 1952 erecta
747 1918 875 1951 lineari
900 1916 1103 1951 alternatim
1127 1923 1230 1962 atque
1255 1917 1463 1962 bipinnatim
1479 1915 1602 1957 labam,

85 1978 204 2012 lobulis
248 1977 435 2013 linearibus
472 1978 626 2012 bret-ibus
671 1977 925 2018 subtruncatis,
972 1976 1137 2022 calyptris
1178 1974 1380 2009 lateralibus
1415 1974 1606 2009 linearibus

83 2037 208 2072 albidis
231 2037 394 2072 scabrosis
419 2038 514 2083 apice
539 2036 672 2070 laceris.

274 2097 543 2140 Jungermannia
584 2096 764 2128 alcicornis
808 2093 940 2140 Taylor
977 2095 1014 2127 in
1048 2093 1190 2126 London
1227 2093 1355 2126 Joarn.
1394 2092 1438 2137 af
1468 2092 1603 2138 botany.

361 2146 466 2177 1844.
486 2154 524 2187 p.
551 2145 633 2176 479.
660 2154 696 2176 n.
721 2145 780 2175 61.

180 2202 342 2236 Habitat
366 2202 403 2235 in
430 2201 691 2235 Promontorio
718 2200 825 2233 Horn
854 2200 1022 2243 (Hooker
1043 2199 1154 2243 jun.).
1252 2235 1268 2246 X„

180 2261 337 2295 Fromles
373 2260 455 2294 aliis
489 2260 686 2304 Hepaticis
732 2263 797 2292 aut
836 2259 980 2292 Muscis
1012 2258 1221 2301 implexae,
1274 2256 1445 2300 pollicem
1483 2258 1601 2299 altae;

85 2321 210 2361 partes
243 2318 406 2352 iuniores
439 2329 594 2352 amoene
624 2318 784 2358 virides,
814 2315 1010 2351 inferiores
1037 2321 1074 2350 et
1098 2314 1322 2349 vetustiores
1349 2315 1477 2349 fuscae
1503 2322 1540 2351 et
1564 2318 1603 2352 in

84 2376 193 2410 siccis
216 2377 357 2421 nigrae.
409 2376 543 2411 Lobuli
570 2387 618 2410 ex
644 2377 777 2410 eadem
803 2376 880 2410 fere
908 2375 1104 2409 altitudine
1140 2373 1329 2415 oriuntur,
1366 2375 1465 2408 unde
1501 2376 1599 2410 infe-

83 2434 199 2470 riores
239 2436 488 2471 dichotomam
529 2435 692 2469 induunt
723 2434 906 2478 speciem;
953 2433 1029 2468 lobi
1063 2432 1257 2474 latissimi,
1297 2432 1360 2466 ubi
1386 2433 1425 2467 in
1458 2435 1604 2470 lobulos

84 2493 324 2537 dividuntur,
351 2495 467 2529 lobuli
494 2494 674 2534 lineares,
707 2494 842 2528 breves
868 2495 956 2527 sunt
989 2495 1025 2525 et
1061 2491 1167 2536 apice
1194 2491 1367 2525 truncati.
1419 2490 1605 2538 Calyptrae

85 2565 106 2588 e
132 2555 284 2598 plantae
310 2553 490 2588 lateribus
515 2553 680 2587 orientes
705 2556 782 2586 tam
801 2552 874 2586 alte
900 2551 1157 2592 adscendunt,
1194 2554 1233 2583 ut
1259 2560 1386 2583 earum
1413 2551 1541 2594 apices
1565 2551 1603 2585 in

84 2623 161 2647 una
196 2613 393 2647 altitudine
426 2623 511 2647 cum
545 2611 732 2646 frondium
767 2611 938 2655 apicibus
970 2614 1089 2651 stent3
1128 2610 1318 2653 calyptrae
1351 2608 1603 2652 longissimae,

84 2671 262 2714 pallidae,
282 2682 481 2713 carnosae,
508 2671 713 2707 tuberculis
733 2670 891 2706 obsitae.
918 2669 1117 2704 Pedicellus
1131 2667 1426 2713 semipollicaris.
1453 2667 1604 2714 Capsula

85 2729 302 2773 cylindrica.
330 2731 510 2774 (Taylor.)

182 2788 345 2833 Propius
372 2789 518 2823 accedit
543 2789 589 2824 ad
616 2790 665 2823 A.
685 2789 904 2835 palmatam,
938 2787 1003 2822 sed
1038 2787 1157 2830 magis
1191 2784 1395 2828 composita
1421 2788 1479 2819 est
1503 2783 1600 2818 divi—

87 2848 255 2884 sionibus
280 2847 444 2892 pinnatis
470 2848 554 2892 (nec
580 2849 792 2895 palmatis):
826 2847 940 2884 lobuli
970 2847 1203 2891 angustiores
1230 2848 1318 2879 sunt
1350 2847 1387 2878 et
1412 2844 1603 2888 calyptrae

86 2906 198 2942 altius
223 2906 261 2941 in
287 2905 416 2942 fronde
442 2907 659 2943 collocatae.

1240 2985 1332 3014 32·
