1824 3252
783 159 1007 194 Sendtnera.
1563 166 1633 198 ‘723

209 270 344 306 Differt
382 282 404 305 a
438 271 478 305 S.
512 271 710 306 ochroleuea
744 276 888 307 statura
921 273 1082 313 maiore,
1120 273 1242 308 colore
1277 275 1481 309 saturatius
1516 276 1633 316 fusco,

112 331 270 366 surculis
312 331 545 375 parcioribus
591 332 795 366 attenuatis
831 333 889 366 vel
925 333 1245 377 flageltiformibus
1287 334 1473 379 ramisque
1516 336 1634 378 magis

112 391 348 434 compressis,
375 389 471 424 foliis
490 391 841 436 amphigastriisque
868 393 988 437 magis
1016 393 1151 427 ciliatis
1178 396 1215 427 et
1236 393 1408 427 omnibus
1436 395 1635 437 segmentis

112 449 285 483 dentatis.
340 450 493 493 (Taylor
520 450 543 483 Ι.
571 452 622 494 e.)

113 566 148 599 p.
176 557 257 589 240.
357 558 380 588 5
399 554 435 589 d.
472 554 774 590 Sendtnera
800 555 1167 599 spinos-issima
1192 556 1296 600 Tayl.
1313 561 1350 590 et
1367 556 1489 590 Hook.
1503 556 1586 600 jun.

207 627 246 661 S.
274 626 370 660 caule
406 625 481 658 laxe
512 627 698 671 eaespitoso
722 628 943 662 adscendente
980 627 1069 661 laem·
1094 627 1288 673 ὒὶμιῗηηαιο,
1320 627 1468 661 surculis
1500 639 1636 660 sursum

111 686 275 730 consertis
308 685 774 730 attenuato-flayellaribus,
800 687 907 731 foliis
940 687 1263 733 amphr'yastriisque
1296 693 1428 720 erecto·
1438 686 1637 732 patentibus

112 756 129 777 e
155 745 230 778 lata
254 743 490 789 subquadrata
515 744 588 778 basi
611 746 881 791 quadripartitis
905 748 1084 791 segymentz's
1104 748 1242 780 setacez’s
1261 747 1384 790 riyidis
1395 746 1633 790 inteyev·⁷·itnis.

304 804 496 836 semime-ra
524 806 756 847 spinosissima
787 805 888 851 Tayl.
919 806 1005 840 Nou.
1042 807 1136 851 IIep.
1164 806 1201 839 in
1227 805 1479 840 Loncl.J0urn.
1506 805 1550 849 (gf
1567 804 1633 839 bot.

393 864 494 895 1846.
517 873 553 907 p.
580 865 662 896 373.
688 875 723 897 n.
750 866 785 897 5.

209 931 367 965 Habitat
392 932 428 964 in
458 931 567 965 Nova
594 933 797 967 Zeelandia
826 933 1024 977 (Edgerley
1052 935 1088 967 in
1119 935 1193 968 Hb.
1224 935 1329 979 Hk.).

209 990 382 1037 Caespites
407 991 545 1034 pallide
571 992 740 1026 olivacei.
793 992 916 1026 Caedes
951 993 1026 1026 fere
1051 994 1326 1038 3-pollicares‚
1355 994 1444 1027 rami
1473 1003 1633 1036 superne

111 1052 304 1096 fastigiati.
355 1051 461 1084 Folia
494 1052 612 1085 caulis
648 1052 865 1095 principalis
901 1053 1135 1096 patentiora,
1172 1054 1336 1087 omnium
1371 1057 1563 1095 segmenta
1596 1051 1633 1085 in

112 1117 210 1146 statu
238 1112 337 1145 sicco
364 1112 495 1154 rigida.

207 1172 364 1205 Accedit
390 1172 436 1204 ad
464 1170 503 1205 S.
517 1170 772 1217 scolopendram
790 1171 1076 1212 etocltroleucam,
1104 1183 1123 1204 a
1152 1172 1272 1214 priore
1299 1170 1421 1205 differt
1447 1170 1630 1203 ramifica—

111 1230 232 1271 tione,
268 1230 315 1263 ab
351 1229 524 1264 ulteriore
553 1231 723 1264 foliorum
751 1234 787 1263 et
815 1230 1164 1273 amphigastriorum
1192 1230 1392 1272 segmentis
1419 1229 1572 1272 integris
1598 1234 1634 1261 et

114 1290 161 1324 ab
190 1294 347 1334 utraque
374 1289 578 1332 segmentis
606 1300 680 1323 non
709 1289 908 1333 pruinosis.
963 1290 1116 1333 (Tay-101·
1143 1291 1164 1323 l.
1187 1290 1236 1333 c.)

111 1405 146 1437 p.
174 1396 258 1427 241.
480 1396 515 1427 6.
568 1394 870 1431 Sendtnera
895 1394 1260 1439 scolopendra.

110 1467 218 1500 Adde
247 1466 410 1510 Synon..·
447 1466 589 1500 Hoolrer
617 1467 780 1514 C'ryptoy.
809 1474 953 1500 nutaret.
977 1480 1013 1512 p.
1044 1469 1102 1500 48.
1129 1478 1164 1499 n.
1191 1468 1250 1500 55.

111 1532 147 1559 et
175 1526 354 1570 patriam:
392 1526 500 1560 Nova
522 1527 727 1561 Hollandia
755 1532 791 1560 et
819 1527 949 1559 Insula
976 1537 1047 1559 van
1066 1526 1224 1559 Diemen
1252 1525 1404 1567 (Fraser
1432 1524 1507 1557 Hb.
1528 1523 1634 1566 ΗΚ).

109 1640 145 1673 p.
174 1632 256 1663 242.
532 1635 565 1665 S.
617 1631 919 1666 Senclt‘nera
946 1631 1201 1666 diclados.

205 1701 297 1735 Var.
324 1706 345 1743 β
372 1703 467 1736 lecta
496 1702 608 1737 etiam
636 1703 672 1736 in
702 1702 865 1736 Brasilia
894 1713 915 1736 a
941 1703 1008 1736 cel.
1037 1703 1174 1736 Sellow
1206 1701 1300 1744 (Hb.
1329 1701 1423 1744 Reg.
1452 1701 1609 1745 Berol.).

110 1819 146 1851 p.
173 1810 260 1841 242.
360 1810 381 1841 8
407 1807 444 1841 b.
497 1806 801 1842 Sencltnera
827 1807 1099 1842 leioclada
1129 1806 1344 1848 Hook.jun.
1361 1810 1397 1839 et
1410 1805 1514 1848 Ta31.

206 1879 247 1913 S.
274 1877 372 1912 caule
397 1878 472 1912 lasce
496 1879 677 1925 caespitoso
701 1886 807 1913 erecto
834 1878 922 1912 laevi
939 1880 1100 1924 pinnato,
1126 1878 1235 1910 ramis
1259 1877 1412 1909 (lecurvis
1436 1876 1636 1913 attenuatis,

99 1938 206 1983 foliis
232 1940 424 1974 imbricatis
451 1939 604 1972 com-eris
629 1938 960 1984 erecto—patentibus
984 1937 1242 1971 subrotzmdatis
1268 1933 1495 1979 inaequaliter
1520 1932 1638 1966 bilobis

111 1997 192 2031 Iohis
224 1997 464 2031 obzusiuseulis
503 1998 575 2031 basi
612 1997 887 2044 appemliculatis
914 1997 1166 2042 inteyerrimis‚
1202 1994 1464 2040 cm'npltiyastriis
1489 1992 1638 2037 oblongis

109 2056 466 2103 emmyinato-bifi'dis
490 2058 671 2102 Seymentis
696 2057 825 2091 obtusis
849 2057 1083 2101 iizleyet·rimz's
1115 2054 1186 2088 basi
1210 2051 1491 2100 appendiculatis.

301 2119 572 2161 Jungermaunia
601 2119 769 2149 leioclada
811 2116 944 2162 Taylor
979 2116 1070 2161 Hep.
1103 2120 1254 2147 amaret.
1288 2114 1324 2146 in
1358 2111 1472 2145 Lond.
1506 2110 1633 2144 ἆσαι-η.

387 2175 431 2219 qs
457 2175 568 2210 hotan.
599 2178 702 2210 1845.
724 2188 763 2221 p.
791 2179 848 2209 85.
876 2188 910 2210 η.
940 2177 998 2209 14.

206 2245 365 2279 Habitat
390 2246 427 2278 in
455 2245 586 2279 Insula
612 2246 893 2280 Adscensionis.

209 2304 407 2349 Caespites
434 2305 698 2348 fusco-nigri,
725 2304 815 2339 laxi.
869 2303 993 2337 Caules
1019 2301 1081 2336 vix
1109 2301 1324 2344 pollicares‚
1350 2298 1494 2343 pinnati
1525 2298 1636 2331 ramis

112 2364 278 2405 alternis,
306 2365 448 2409 absque
470 2363 602 2408 palcis,
630 2363 761 2406 glabri.
813 2362 918 2396 Folia
943 2363 1028 2395 laxe
1046 2360 1255 2401 imbricata,
1281 2359 1388 2393 lobus
1414 2357 1582 2402 superior
1600 2363 1638 2390 et

112 2424 314 2459 convexior
349 2425 423 2458 late
459 2426 592 2457 ovatus
619 2422 699 2456 basi
727 2421 863 2456 calcari
892 2425 958 2455 aut
984 2419 1233 2464 appendiculo
1259 2417 1390 2452 lineari
1417 2417 1636 2451 notabiliore

112 2484 251 2527 gaudet
272 2495 382 2529 quam
406 2483 512 2517 lobus
540 2481 1019 2526 irrferior.Ampl1i9astria
1039 2479 1212 2522 oblonga,
1237 2478 1320 2512 sinu
1341 2488 1471 2521 parum
1489 2477 1636 2516 obtuso,

112 2544 194 2578 basi
221 2545 421 2583 calcatam,
450 2543 567 2576 altero
594 2542 740 2575 calcare
767 2541 945 2583 longiore.

209 2603 242 2635 A
268 2602 461 2636 Sfflzdtnera
498 2601 634 2635 clielado
669 2604 813 2634 statura
849 2600 1013 2638 minore,
1045 2598 1143 2632 foliis
1178 2597 1300 2629 minus
1335 2570 1540 2628 imbricatis
1573 2604 1632 2627 se-

114 2660 273 2704 gmentis
300 2661 443 2695 obtusis
470 2665 509 2694 et
537 2659 738 2704 praecipue
765 2658 872 2692 caule
898 2658 1028 2701 glabro
1055 2668 1122 2690 nec
1150 2647 1356 2699 stipulae-eo
1382 2656 1515 2690 differt.

115 2781 150 2814 p.
178 2773 262 2804 242.
488 2773 522 2805 9.
576 2764 1252 2812 Sendtneraflayellofera.

211 2841 255 2875 In
290 2840 462 2875 Jamaica
495 2841 585 2884 legit
621 2841 717 2874 hanc
750 2840 912 2884 speeiem
956 2838 1001 2871 cl.
1032 2837 1212 2871 Baneroft
1237 2835 1339 2879 (Hb.
1359 2835 1458 2877 Hk„
1509 2833 1570 2868 ubi
1599 2839 1636 2868 et

117 2899 321 2944 specimina
348 2911 368 2934 e
396 2899 505 2934 Nova
532 2899 738 2934 Hollandia
766 2898 1039 2941 asservantur).

1272 2975 1364 3005 46‘
