1824 3252
166 163 238 195 410
825 151 1028 187 Frullania.

166 283 281 317 prope
297 271 484 313 Singapur
498 268 648 302 inventa
668 275 751 299 esse
769 264 919 300 dicitur.
961 265 1004 298 In
1023 264 1223 308 Abyssinia
1243 268 1257 298 l
1278 264 1422 309 species
1443 269 1500 299 est
1520 264 1684 300 inventa.

167 331 198 364 E
233 328 491 364 Promontorio
535 327 664 359 Bonae
700 323 789 367 Spei
826 323 1008 358 habemus
1048 324 1192 367 species
1218 327 1263 365 7,
1301 335 1458 368 quarum
1499 329 1514 358 1
1554 325 1686 358 Indiae

169 389 337 423 orientali
356 383 575 424 continenti,
604 392 678 415 una
696 382 817 415 Javae
843 382 990 415 insulae
1014 382 1220 426 eademque
1248 393 1330 416 cum
1348 384 1461 417 altera
1478 394 1552 417 una
1579 384 1686 418 terris

168 445 381 481 Mexicanis
410 442 670 486 Peruviaeque
697 441 838 475 tributa
866 444 934 474 est.
997 440 1055 474 Ex
1083 441 1213 475 Insula
1241 442 1453 476 Borboniae
1486 446 1507 476 3
1541 443 1686 486 species

167 506 314 539 adlatae
341 507 447 543 sunt,
483 511 626 545 eaeque
652 499 740 533 huic
768 500 920 539 Insulae
947 500 1134 544 propriae.
1192 500 1324 534 Indiae
1356 501 1526 535 orientali
1561 502 1687 535 conti-

167 563 266 597 nenti
283 567 320 595 et
339 561 480 604 Ceylon
504 560 650 594 insulae
666 564 753 593 sunt
781 560 927 604 species
953 563 976 594 6
1003 560 1185 604 propriae,
1213 571 1369 604 quarum
1396 570 1472 593 una
1498 559 1536 593 in
1557 560 1688 594 Insula

168 622 307 665 Ceylon
346 620 489 654 crescit.
565 619 761 654 Accedunt
796 619 851 653 his
890 620 1087 663 Europaea
1126 622 1162 660 l,
1203 618 1613 652 Boreali-americana
1658 623 1687 662 l,

167 680 348 725 Capensis
377 683 408 721 l,
434 679 641 713 Javanicae
666 682 702 721 3,
733 678 926 713 Americae
953 679 1119 722 tropicae
1145 682 1182 719 2,
1208 678 1308 711 unde
1334 689 1515 713 numerus
1541 679 1685 722 specie-

167 751 246 774 rum
275 740 406 774 Indiae
441 738 636 774 orientalis
673 737 880 773 continenti
915 737 1186 781 adscriptarum
1226 740 1269 771 14
1295 737 1394 770 haud
1420 737 1582 770 excedit.
1631 739 1689 772 Ex

166 800 297 834 Insula
314 799 501 833 Amboina
531 802 546 831 l
577 798 760 831 habemus
787 797 962 841 speciem.
1015 797 1074 830 Ex
1102 797 1232 830 Insula
1252 796 1396 830 Manila
1427 800 1455 831 l.
1507 796 1564 830 Ex
1591 797 1688 830 Java

166 860 289 893 insula
314 862 373 897 20,
401 868 558 903 quarum
584 861 605 891 3
635 845 767 891 Indiae
793 855 966 891 orientali
993 856 1213 895 continenti.
1242 859 1266 890 2
1291 856 1404 889 etiam
1432 855 1563 890 Novae
1592 856 1687 890 Hol-

166 917 335 955 landiae,
374 920 386 950 l
420 917 681 951 Promontorio
711 916 849 950 Bonae'
869 915 982 960 Spei,
1030 919 1052 949 3
1093 915 1285 949 Americae
1318 915 1549 949 meridionali
1584 926 1687 949 com-

167 987 297 1010 munes
331 981 437 1017 sunt,
478 980 520 1010 15
547 976 692 1020 species
728 980 856 1010 autem
889 981 996 1010 extra
1021 975 1156 1009 Javain
1183 975 1348 1009 nondum
1384 979 1471 1008 sunt
1503 974 1689 1007 inventae.

171 1036 344 1070 America
372 1036 516 1080 tropica
542 1035 754 1077 orientalis,
782 1035 884 1069 scil.:
922 1034 1104 1075 Brasilia,
1139 1034 1290 1068 Guiana
1316 1039 1352 1067 et
1379 1034 1532 1069 Insulae
1560 1034 1691 1068 Indiae

166 1096 429 1136 occidentalis,
467 1098 514 1129 38
547 1096 693 1138 species
729 1094 979 1135 exibuerunt,
1012 1104 1171 1138 quarum
1205 1094 1344 1127 multae
1377 1093 1415 1127 in
1444 1094 1554 1128 variis
1583 1094 1691 1128 huius

166 1154 328 1196 regionis
358 1156 528 1198 partibus
556 1158 741 1188 creseunt.
795 1153 962 1188 Brasilia
998 1154 1035 1186 in
1062 1153 1278 1186 universum
1312 1156 1359 1187 29
1385 1154 1529 1197 species
1563 1154 1690 1194 nutrit,

168 1224 324 1257 quarum
355 1217 397 1248 16
426 1214 610 1248 Brasiliae
636 1213 810 1257 propriae
838 1224 920 1247 esse
947 1213 1133 1247 videntur.
1186 1213 1336 1246 Guiana
1364 1216 1384 1247 8
1411 1213 1523 1246 habet
1547 1212 1692 1256 species

167 1271 351 1315 proprias.
411 1273 471 1306 Ex
503 1273 602 1306 omni
639 1283 752 1306 censu
790 1272 900 1305 huius
936 1272 1116 1315 regionis,
1164 1272 1225 1316 qui
1270 1283 1423 1306 numero
1461 1276 1519 1305 est
1555 1276 1601 1307 38
1637 1272 1693 1316 (et

174 1332 399 1374 computatis
441 1332 560 1366 tribus
601 1332 696 1365 inter
741 1332 955 1366 Mexicanis
995 1331 1221 1366 enumeratis
1262 1342 1391 1366 revera
1430 1330 1580 1375 quidem
1617 1332 1692 1372 41),

168 1392 192 1423 4
224 1392 482 1425 tantummodo
523 1391 667 1435 species
702 1391 833 1425 Indiae
876 1390 1065 1431 orientali,
1111 1396 1187 1425 tam
1223 1391 1428 1425 continenti
1463 1400 1575 1434 quam
1611 1390 1692 1423 eius

168 1449 299 1483 insulis
334 1451 443 1484 simul
479 1439 712 1492 tribuuntur,
759 1454 774 1484 1
815 1451 946 1484 Novae
983 1450 1223 1485 Hollandiae.
1285 1451 1439 1485 Praeter
1471 1455 1546 1484 tres
1579 1460 1692 1493 supra

167 1515 475 1544 commemoratas
503 1510 667 1553 species,
704 1514 778 1543 tres
806 1510 920 1550 aliae,
959 1509 997 1542 in
1023 1521 1176 1544 censum
1202 1513 1250 1545 38
1275 1509 1481 1553 specierum
1520 1509 1594 1542 iam
1629 1521 1687 1543 re—

167 1573 320 1611 ceptae,
353 1569 535 1603 Brasiliae
571 1573 642 1603 cet.
670 1579 755 1602 cum
781 1569 887 1602 terris
907 1569 1133 1610 Mexicanis,
1161 1569 1349 1603 Peruviae
1375 1575 1411 1602 et
1440 1568 1560 1609 Chili,
1584 1587 1630 1593 -
1652 1568 1690 1601 iu

171 1626 383 1660 universum
411 1628 523 1671 igitur
549 1631 572 1662 6
597 1632 743 1661 tantum
771 1628 938 1672 utrisque
964 1628 1022 1662 his
1048 1629 1219 1672 partibus
1246 1628 1443 1662 Americae
1476 1638 1692 1661 communes

173 1690 270 1720 sunt.
323 1687 496 1722 America
524 1686 668 1731 tropica
694 1692 732 1722 et
757 1687 998 1732 temperatior
1025 1689 1268 1722 occidentalis
1294 1688 1361 1724 i.e.
1385 1687 1568 1727 Peruvia,
1598 1686 1693 1720 Chili

167 1750 204 1779 et
229 1750 352 1779 terrae
374 1747 626 1788 Mexicanae,
653 1748 854 1792 pleraeque
881 1759 949 1782 eae
977 1748 1070 1782 situs
1097 1748 1281 1788 elatioris,
1320 1751 1361 1781 17
1386 1746 1543 1790 (additis
1570 1750 1692 1779 autem

171 1804 290 1839 tribus
319 1806 612 1841 Brasiliensibus
637 1809 701 1853 20)
735 1808 944 1850 praebuere
981 1807 1146 1851 speeies,
1178 1817 1336 1852 quarum
1369 1810 1391 1841 3
1421 1806 1503 1849 (vel
1529 1809 1569 1851 6)
1594 1811 1630 1840 et
1656 1806 1692 1839 in

168 1864 420 1906 praecedente
451 1866 601 1909 regione
628 1871 823 1908 crescunt,
865 1870 875 1900 l
919 1867 998 1900 sola
1030 1867 1141 1900 etiam
1177 1866 1213 1900 in
1250 1866 1380 1900 Insula
1411 1866 1509 1899 Java
1541 1866 1693 1900 inventa

168 1927 236 1955 est.
288 1924 460 1958 America
488 1925 654 1959 maxime
681 1922 857 1959 australis
880 1926 1171 1969 (fflaatenland,
1200 1925 1432 1967 Magellaens
1460 1923 1585 1964 Land,
1613 1923 1693 1967 Cap

169 1981 295 2026 Horn)
331 1986 354 2016 2
395 1983 533 2017 habent
572 1984 729 2028 species.
800 1984 938 2017 Insulis
984 1984 1307 2018 Sandvicensibus
1348 1987 1372 2017 2
1411 1987 1498 2016 sunt
1535 1983 1692 2026 species.

170 2040 310 2075 Insulis
344 2042 527 2076 Marianis
564 2044 709 2087 species
743 2047 798 2076 est
839 2046 869 2077 1.
923 2042 1054 2077 Novae
1081 2043 1332 2083 Zeelandiae,
1367 2043 1523 2077 inclusis
1557 2032 1695 2076 Insulis

170 2100 391 2144 Campbellii
419 2108 456 2137 et
484 2103 711 2137 Aucklandii
750 2106 792 2136 10
817 2103 960 2146 species
995 2108 1103 2142 sunt,
1142 2113 1284 2147 eaeque
1319 2107 1478 2137 cunctae
1512 2103 1568 2135 his
1601 2113 1693 2146 pro—

168 2159 284 2202 priae,
313 2163 393 2196 scil.
419 2166 441 2196 4
470 2162 601 2196 Novae
629 2161 869 2202 Zeelandiae‚
896 2165 918 2195 6
947 2168 1070 2195 antem
1097 2162 1207 2196 dictis
1233 2161 1378 2196 insulis.
1435 2161 1567 2195 Novae
1595 2162 1690 2196 Hol-

169 2218 319 2253 landiae
352 2232 435 2254 cum
465 2222 604 2256 Insulis
638 2222 819 2263 Norfolk,
852 2232 924 2254 van
957 2221 1137 2254 Diemens
1174 2221 1279 2254 Land
1315 2225 1352 2254 et
1387 2221 1468 2254 aliis
1502 2224 1524 2255 6
1557 2221 1631 2263 (vel
1657 2223 1693 2262 7)

170 2278 316 2320 species
349 2286 457 2322 sunt,
485 2292 642 2326 quarum
680 2292 754 2315 una
780 2285 817 2315 et
842 2281 1039 2315 Americae
1067 2281 1233 2324 tropicae
1261 2292 1305 2314 ac
1331 2284 1560 2324 temperatae
1587 2290 1693 2313 coni-

171 2338 293 2372 munis
328 2344 410 2381 est,
450 2340 548 2375 duae
581 2340 693 2374 etiam
728 2340 764 2374 in
800 2340 929 2374 Insula
958 2341 1191 2384 Magellaens
1226 2340 1331 2374 Land
1366 2345 1403 2374 et
1434 2340 1563 2374 Insula
1592 2341 1694 2374 Bor-

172 2397 305 2432 boniae
332 2410 499 2434 crescere
526 2400 651 2433 fertur.

267 2457 421 2493 Summa
449 2459 561 2503 igitur
588 2460 735 2503 generis
762 2459 929 2493 maxima
956 2459 1152 2494 Americae
1180 2463 1254 2499 est,
1281 2459 1419 2503 quippe
1445 2468 1529 2491 cum
1560 2459 1691 2492 Brasi-

172 2516 307 2551 lienses
341 2523 414 2553 etc.
458 2519 561 2553 solae
597 2519 645 2552 ad
679 2529 863 2553 summam
899 2520 1063 2554 omnium
1104 2519 1310 2563 specierum
1350 2518 1581 2561 cognitarum
1618 2518 1693 2552 sint

170 2592 219 2607 =
247 2579 261 2608 l
295 2586 304 2609 ε
330 2580 365 2617 3,
376 2580 435 2618 23,
462 2578 619 2612 adiectis
646 2583 770 2613 autem
788 2579 843 2612 his
860 2578 1073 2613 Mexicanis
1099 2583 1170 2613 cet.
1189 2579 1378 2623 proportio
1399 2578 1489 2612 haec
1515 2577 1694 2612 efficiatur

169 2648 218 2666 =
246 2638 261 2669 l
291 2647 299 2670 z
326 2639 430 2678 2,24‚
457 2637 669 2682 additisque
694 2648 803 2681 porro
831 2639 982 2683 reliquis
1006 2639 1198 2674 Amerieae
1222 2637 1526 2682 septentrionalis
1561 2637 1691 2672 eadem

170 2693 360 2738 proportio
387 2695 432 2729 ad
463 2699 479 2729 1
509 2707 518 2730 :
545 2699 580 2738 2,
610 2698 640 2738 l,
666 2695 691 2731 i.
719 2707 751 2730 e.
779 2697 825 2731 ad
852 2702 996 2742 partem
1017 2698 1209 2732 dimidiam
1234 2698 1410 2740 omnium,
1437 2708 1531 2742 quas
1550 2708 1689 2741 cogno-

171 2754 304 2795 vimus,
331 2759 526 2798 augeatur.

268 2825 484 2870 Sequuntur
516 2827 776 2870 proportiones
814 2829 980 2874 reliquae
1015 2829 1255 2863 decrescente
1289 2829 1435 2864 ordine:
1493 2829 1692 2870 Asiaticae,

173 2884 309 2918 additis
345 2885 540 2920 Javanicis
580 2890 650 2921 etc.
688 2901 737 2917 =
778 2890 793 2921 l
833 2899 842 2923 :
877 2892 919 2931 4,
947 2891 981 2923 7.
1046 2889 1236 2933 Capenses
1273 2889 1429 2924 adiectis
1473 2888 1692 2925 Borbonicis
