1824 3252
749 176 987 212 Madotheca.
1567 182 1640 216 265

111 293 268 334 dentato,
294 292 421 339 (spicis
446 291 604 326 masc-alis
637 290 833 326 lanceolatis
856 291 953 324 dense
976 288 1173 324 imbricatis
1196 290 1346 336 patalis,
1375 291 1480 336 foliis
1498 293 1638 338 periqo-

110 352 260 388 niaiibus
283 353 604 399 ampliiyastriisque
632 352 755 397 parvis
780 351 896 395 bifidis
921 350 1081 384 dentatis.
1085 350 1108 395 )

303 412 506 445 Madotheca
534 413 657 443 ciliaris
686 411 732 444 N.
753 410 797 444 ab
811 410 857 445 E.
878 411 915 443 in
945 409 1074 454 Wiylzt.
1098 408 1208 443 Herb.
1235 422 1269 445 n.
1300 413 1342 444 13
1371 413 1427 453 07⁴.
1454 416 1486 444 et
1510 413 1558 446 22
1589 407 1636 451 9.

392 471 548 504 Gottsehe
584 470 679 504 Icon.
716 469 846 514 Hepat.
881 468 1000 502 inedit.

209 530 370 564 Habitat
396 529 433 564 in
463 530 670 564 Peninsula
696 529 829 563 Indiae
856 527 1059 563 orientalis.
1109 527 1289 573 (Wight.)

210 589 374 623 Pulchra
401 590 561 633 species.
615 589 725 623 Rami
752 588 916 632 primarii
945 598 965 621 e
1000 587 1106 621 caule
1133 587 1403 631 procumbente
1436 587 1474 622 in
1508 587 1640 622 fructi-

115 649 194 683 sera
220 649 350 692 planta
376 649 552 692 elongati,
591 647 996 692 bi-'quadriunciales,
1029 647 1336 690 procumbentes,
1366 647 1639 683 adscendentes

114 708 367 751 irregulariter
402 707 737 751 ramoso-pinnati,
772 706 809 740 in
836 706 1042 740 masculina
1069 706 1200 747 erecti,
1227 706 1639 750 dendroideo-pinnati‚

115 768 303 809 unciales,
342 767 571 808 bium-iales,
612 767 724 800 ramis
758 764 1066 809 erecto-patulis
1101 766 1331 809 simplicibus
1365 766 1638 811 inaequalibus.

119 827 227 861 Folia
251 827 387 860 lineam
410 827 534 868 longa,
562 826 661 859 circa
689 825 832 869 apicem
860 829 1183 859 setaceo-acutam
1201 826 1375 860 dentibus
1400 829 1485 861 2-4
1512 838 1640 870 grosse

114 886 271 921 setaccis
298 885 491 929 praedita,
526 885 666 929 reliquo
691 884 833 918 ambitu
863 883 1111 927 integerrima,
1145 885 1294 929 oblique
1319 889 1430 920 ovata
1456 885 1636 921 disticho-

113 945 262 989 patula,
297 943 464 987 margine
496 944 639 987 postico
672 943 905 987 planiusculo
932 942 967 976 in
996 943 1161 977 lobulurn
1189 944 1371 979 diametro
1397 946 1636 980 transversali

111 1004 188 1038 folii
224 1004 436 1037 breviorem
471 1002 568 1036 cauli
605 1002 885 1036 accumbentem
920 1002 1071 1045 planum
1106 1002 1305 1046 oblongum
1333 1005 1507 1039 obtusum
1533 1006 1640 1051 apice

113 1061 580 1106 bi-tri—quadridentatum
600 1062 773 1095 dentibus
793 1061 977 1095 subulatis
1000 1062 1149 1097 reflexo.
1188 1062 1295 1096 Retis
1313 1065 1482 1099 maculae
1502 1076 1641 1109 parvae

113 1121 294 1156 limitibus
322 1122 531 1156 latiusculis
558 1122 738 1156 obscuris.
789 1121 1058 1167 Ampleiyastria
1083 1122 1180 1155 cauli
1208 1122 1480 1162 incumbentia,
1507 1124 1641 1158 lobulis

111 1181 284 1216 foliorum
312 1182 486 1226 aequalia
513 1181 786 1225 magnitudine,
812 1185 850 1214 at
876 1180 1282 1215 setaceo-acuminata
1308 1186 1459 1226 totoque
1484 1183 1641 1217 circuitu

112 1240 199 1274 laxe
226 1240 546 1275 ciliato-dentata.
598 1240 812 1274 Periantlaia
835 1240 872 1274 in
893 1245 1019 1274 nostro
1038 1240 1239 1284 specimine
1258 1241 1331 1274 iam
1354 1241 1501 1282 effoeta,
1527 1245 1546 1282 ᾗ
1574 1241 1639 1277 lin.

111 1300 240 1343 longa,
267 1299 401 1341 laevia,
429 1300 524 1333 infra
552 1300 639 1333 folia
667 1299 898 1341 subsessilia,
927 1299 1195 1343 amphigastrio
1209 1300 1380 1345 foliisque
1399 1300 1496 1335 binis
1517 1301 1641 1345 parvis

110 1359 233 1393 bifidis
259 1369 372 1402 parce
400 1359 568 1393 dentatis
596 1359 760 1401 suffulta,
789 1360 963 1399 obovata,
991 1360 1181 1403 depressa,
1208 1372 1271 1395 ore
1296 1364 1468 1394 truncato
1494 1360 1639 1394 lacinu-

109 1416 207 1457 lato,
244 1417 282 1451 in
316 1418 427 1453 dorso
469 1423 675 1463 ventreque
711 1418 833 1453 medio
861 1419 1122 1462 longitrorsum
1149 1420 1262 1463 gibba
1289 1430 1458 1454 convexa
1485 1424 1641 1465 utroque

110 1476 226 1510 latere
263 1477 383 1520 magis
424 1478 618 1521 depresso.
683 1478 843 1512 Fructus
876 1478 993 1512 deest.
1044 1478 1301 1524 Irfioresceutia
1329 1478 1482 1512 mascula
1521 1480 1639 1524 caulis

109 1536 225 1571 latere
258 1537 414 1571 ventrali
451 1542 553 1579 orta,
593 1539 706 1578 1-13
734 1537 796 1570 lin.
823 1538 954 1580 longa,
990 1537 1233 1581 spiciformis,
1273 1539 1501 1580 lanceolata,
1539 1538 1638 1573 foliis

112 1596 463 1640 amphigastriisque
501 1600 602 1629 arcte
637 1596 842 1630 imbricatis
869 1601 979 1630 tecta.
1030 1597 1135 1630 Folia
1153 1597 1388 1643 periyonialia
1421 1603 1457 1631 et
1487 1598 1634 1642 amphi-

110 1654 249 1699 gastria
276 1655 660 1696 subrotundo-ovata‚
690 1654 802 1689 bifida
829 1655 936 1699 apice
962 1656 1138 1697 dentata3
1171 1656 1234 1689 illa
1258 1656 1412 1691 maiora.
1461 1657 1638 1692 Antherae

109 1724 267 1758 magnae
293 1713 482 1757 globosae,
508 1714 697 1748 filamento
725 1714 839 1748 brevi.

207 1773 310 1807 Obs.
364 1773 543 1807 Proxima
579 1773 670 1807 haec
706 1773 762 1807 M.
793 1773 1051 1807 Perottetianae
1083 1773 1223 1814 Mont.,
1270 1774 1335 1808 sed
1374 1773 1634 1817 differt·peri-

111 1832 247 1866 anthiis
271 1832 442 1866 laevibus
469 1832 640 1866 lacinulis
678 1833 805 1876 parvis
846 1833 998 1867 minime
1034 1833 1247 1876 adspersis.
1285 1838 1322 1867 et
1356 1833 1566 1867 lobulorum
1601 1837 1639 1868 et

111 1891 462 1936 amphigastriorum
489 1891 656 1926 ciliorum
685 1903 802 1935 parva
828 1892 960 1936 copia,
987 1903 1085 1936 quae
1112 1892 1198 1925 cilia
1224 1891 1263 1926 in
1291 1896 1446 1937 utroque
1471 1892 1638 1935 margine

110 1957 147 1985 et
172 1951 286 1985 lobuli
314 1955 351 1985 et
379 1950 752 1994 amphigastriorum,
790 1962 921 1985 versus
955 1951 1064 1984 basin
1100 1950 1264 1985 conferta
1299 1951 1399 1995 apud
1426 1951 1482 1986 M.
1510 1952 1637 1986 Perot-

110 2009 277 2043 tetianam
316 2009 500 2044 videntur.
563 2010 738 2055 Denique
777 2011 834 2046 M.
870 2010 1113 2044 Perottetiana
1150 2010 1290 2045 maiore
1330 2015 1495 2053 statura,
1540 2010 1639 2047 foliis

109 2069 314 2104 maioribus
341 2070 388 2103 ab
414 2070 484 2103 hac
510 2070 663 2104 recedit.

304 2154 340 2185 5.
391 2150 718 2185 Madet-heca
746 2152 1172 2197 campylophylla
1198 2151 1239 2186 L.
1268 2156 1305 2185 et
1329 2151 1448 2193 Ldbg.

208 2208 264 2241 M.
291 2208 387 2242 caule
407 2208 652 2254 procumbente
676 2210 900 2244 adscendente
923 2210 1180 2256 subbipinnato,
1195 2210 1302 2255 foliis
1316 2210 1509 2245 imbricatis
1532 2212 1637 2245 semi-

111 2266 218 2300 ovatis
256 2267 394 2312 deflexis
427 2270 636 2304 acuminatis
675 2270 770 2314 apice
802 2269 938 2315 infleaeis
969 2269 1247 2303 obtasz‘usculisve
1279 2270 1437 2313 maryine
1461 2270 1642 2306 undulatis

111 2326 206 2372 apice
229 2326 427 2371 spinuloso-
444 2327 591 2369 ciliatis,
628 2327 750 2363 Iobatis
784 2336 883 2362 acute
919 2329 1075 2374 Iiyulatis
1100 2329 1349 2373 inteyerrivnis,
1381 2329 1642 2375 amplziyastriis

111 2386 425 2431 ovato-quadratis
465 2386 536 2420 basi
568 2389 731 2433 utrinqne
759 2388 900 2434 plicatis
931 2388 1191 2423 decuvwentz‘bus
1222 2388 1515 2432 subinteqerrimis
1546 2389 1641 2434 apice

110 2444 244 2490 saepius
268 2445 491 2480 unidentatz's.

304 2506 509 2538 Madotlieca
537 2509 811 2552 campylopbylla
849 2507 1013 2541 Gottsclze
1037 2507 1131 2541 Ieon.
1159 2508 1289 2553 Hepat.
1316 2508 1436 2542 incdit.

302 2565 569 2607 Jungermannia
597 2567 869 2611 campylopbylla
897 2567 941 2601 L.
969 2574 1001 2601 et
1029 2567 1096 2612 Ly.
1124 2568 1161 2601 in
1176 2567 1408 2613 Lehnz.P2c9.
1433 2567 1504 2603 VI.
1535 2570 1637 2603 1834.

383 2635 422 2669 p.
448 2626 507 2657 40.
533 2635 568 2657 n.
599 2627 654 2659 16.

215 2679 375 2715 Habitat
399 2682 438 2716 in
467 2683 640 2728 Nepalia.

213 2737 333 2773 caulis
365 2740 602 2785 tripollicaris
629 2747 666 2778 et
691 2742 856 2787 longior,
891 2746 1140 2789 procumbens
1173 2746 1231 2780 vel
1266 2746 1498 2785 suberectus‚
1533 2744 1635 2781 rufe-

117 2807 246 2839 scens,
280 2797 462 2841 pinnatim
490 2812 659 2838 ramosus
686 2803 799 2838 ramis
824 2803 1062 2840 inferioribus
1089 2805 1272 2849 elongatis
1299 2809 1335 2838 et
1359 2804 1523 2848 pinnulis
1549 2806 1636 2840 bre-

115 2856 225 2891 vibus
251 2866 529 2903 nonnumquam
554 2861 687 2896 iterum
713 2862 917 2899 instructis.
968 2865 1073 2899 Folia
1102 2864 1317 2906 imbricata,
1342 2864 1638 2909 semiverticalia,

116 2915 349 2958 semiovata,
376 2917 541 2961 deflexa,
577 2922 810 2966 acuminata,
845 2923 966 2958 rarius
993 2923 1275 2965 obtusiuscula‚
1308 2923 1475 2967 margine
1500 2923 1639 2960 dorsali
