1824 3252
727 192 970 237 Plagioehila.
1564 196 1605 226 41

86 310 107 350 (
113 311 231 344 rarius
264 310 358 356 apice
392 307 481 342 2-3
515 308 760 352 denticulatis)
799 307 957 351 nzaryine
982 305 1132 340 ventrali
1165 304 1237 339 basi
1261 304 1379 339 subtus
1407 306 1442 338 in
1468 307 1609 339 cristam

88 371 364 411 conniventibus,
415 368 545 402 ‹im-sali
586 368 740 413 reflexis,
780 367 910 413 fluctu
957 365 1099 400 laterali
1142 364 1195 398 vel
1242 364 1377 398 ramulo
1414 364 1612 399 brevissimo

87 432 255 465 insidente
282 457 289 463 .
316 456 324 464 .
356 456 362 462 .

281 487 452 523 Lindenb.
481 487 581 532 Spec.
611 487 705 532 Hep.
732 498 766 528 p.
798 488 875 519 149.
903 496 936 517 n.
963 487 1022 518 93.
1052 490 1076 517 t.
1103 486 1162 517 33.

280 547 433 581 Plantae
461 545 585 580 Nubic.
618 545 686 579 Un.
714 545 752 579 it.
781 556 815 577 n.
843 546 926 578 497.

186 607 229 640 In
260 606 386 640 Nubia
414 606 460 640 ad
488 609 624 639 terram
655 604 863 648 (Kotsohy).
1427 646 1432 651 ·

187 665 366 699 Proxima
393 664 500 709 Play.
522 675 708 710 procerae,
746 662 858 697 ramis
885 661 1023 705 pluries
1051 661 1271 695 dichotomis
1298 653 1613 700 subfasciculatis,

90 725 290 770 praecipue
318 736 405 760 vero
432 723 530 758 foliis
549 719 1059 764 obtusissimisintegerrimis
1089 720 1360 764 (superioribus
1382 721 1615 757 solummodo

93 795 359 829 nonnunquam
388 783 577 818 denticulo
605 784 680 815 u'no
708 782 870 815 alterove
898 779 1102 823 instructis)
1136 780 1309 823 repandis
1336 781 1383 814 ab
1410 781 1472 815 illa
1498 785 1535 815 et
1569 783 1616 815 ab

90 844 263 877 omnibus
292 843 372 877 aliis
400 841 571 876 affinibus
599 840 789 874 distincta.

361 916 421 947 43.
473 911 811 957 Flayiochilq
843 909 1163 944 Vincentina
1188 909 1346 954 Lindbg.

190 973 249 1007 Pl.
276 971 372 1007 caule
397 977 548 1018 repente,
577 970 684 1004 ramis
710 969 831 1003 erectis
857 968 991 1002 strictis
1018 969 1116 1014 apice
1140 969 1494 1013 ‹iustumne-divisis,
1510 969 1618 1015 foliis

93 1033 282 1068 imbricatis
315 1030 572 1076 diveiyentibus
603 1027 983 1072 semiovato-oblonyis
1015 1027 1144 1062 obtusis
1182 1034 1252 1062 toto
1287 1028 1420 1062 ambitu
1455 1029 1613 1062 dentato-

91 1091 222 1126 ciliatis
246 1091 318 1126 basi
341 1090 493 1125 ventrali
518 1091 556 1123 in
582 1089 726 1123 cristam
752 1085 1012 1121 conniventibus
1037 1088 1196 1132 maiyine
1231 1088 1360 1121 clorsali
1393 1088 1470 1126 basi.
1497 1089 1617 1121 decur-

91 1158 188 1185 rente
215 1158 245 1185 et
271 1152 365 1197 apice
387 1150 506 1196 planis
531 1149 640 1183 medio
666 1147 825 1193 rfflexis,
851 1146 982 1191 fructu
1017 1147 1215 1188 terminali,
1245 1147 1445 1193 periantleio
1470 1147 1619 1187 atomio,

92 1222 149 1244 ore
175 1216 336 1244 truncato
361 1210 513 1256 repando
541 1208 673 1242 ciliato.

292 1269 459 1304 Lindenb.
487 1269 588 1315 Spec.
618 1268 710 1314 Hep.
739 1266 791 1301 11.
819 1266 893 1302 ΙΙΙ.
915 1277 954 1312 p.
981 1269 1040 1301 39.
1066 1278 1100 1300 n.
1128 1269 1186 1301 20.
1215 1273 1239 1301 t.
1268 1270 1301 1301 7.

188 1329 348 1363 Habitat
370 1329 407 1363 in
421 1329 551 1363 Insula
566 1329 606 1363 S.
620 1326 811 1362 Vincentii
837 1325 1011 1370 (Hooker
1025 1329 1062 1360 et
1076 1325 1254 1360 Klotzsch
1270 1325 1306 1360 in
1323 1326 1397 1360 Hb.
1418 1325 1458 1358 L.
1478 1328 1512 1358 et
1528 1324 1621 1368 Lg.).

191 1390 221 1423 A
250 1388 356 1434 Plaq.
383 1390 551 1423 annotina
577 1388 700 1421 differt
736 1386 842 1420 caule
877 1385 997 1429 magis
1025 1396 1191 1427 ramoso,
1231 1385 1329 1420 foliis
1362 1386 1486 1419 minus
1522 1388 1622 1418 arcto

95 1448 299 1483 imbricatis
326 1453 361 1482 et
389 1449 510 1483 minus
537 1446 717 1482 convexis
745 1446 975 1489 longioribus
1004 1445 1082 1479 basi
1112 1445 1284 1490 utrinque
1309 1445 1456 1488 longius
1474 1444 1622 1479 ciliatis.

97 1509 217 1542 fructu
247 1519 392 1552 semper
418 1508 602 1542 terminali
630 1511 767 1547 erecto,
794 1505 1005 1550 perianthio
1033 1505 1198 1547 longiore
1228 1516 1299 1539 non
1328 1505 1446 1543 alato,
1473 1503 1619 1547 pedun-

97 1570 181 1603 culo
223 1568 366 1611 longius
413 1571 576 1602 exserto.
642 1565 884 1611 Pluyiocliilae
926 1564 1204 1610 mucrostuchyae
1253 1564 1404 1605 habitu,
1454 1563 1623 1597 foliorum

99 1628 214 1661 forma
241 1633 276 1662 et
303 1627 416 1671 spicis
443 1626 619 1661 masculis
647 1625 798 1664 similis,
833 1624 955 1658 differt
983 1624 1030 1656 ab
1057 1633 1101 1656 ea
1128 1622 1238 1656 crista
1267 1621 1446 1661 ventrali,
1479 1621 1552 1654 alia
1584 1625 1624 1653 ut

99 1691 307 1721 taceantur.

346 1747 405 1778 44.
458 1744 795 1789 Plccyiocln‘lw
828 1742 1186 1776 Brenteliana
1220 1739 1378 1782 Lindbg.

198 1802 258 1836 Pl.
285 1802 381 1836 caule
407 1809 563 1847 repente,
598 1803 707 1835 rumis
731 1801 915 1835 suberectis
942 1800 1134 1834 innovando
1159 1799 1324 1839 ramosis,
1362 1797 1508 1831 ramulis
1532 1797 1624 1831 elon-

99 1863 192 1906 yuti's
214 1862 384 1907 flemuosis
418 1861 638 1902 lmriusculis,
670 1860 777 1904 foliis
817 1859 1072 1905 approximatis
1107 1858 1332 1903 suboppositis
1373 1856 1627 1901 diverqentibus

101 1921 416 1954 dimidiato-ovans
440 1919 712 1954 subacuminutis
736 1920 895 1963 mai-(sine
927 1917 1077 1952 ventrali
1109 1918 1272 1964 apic-eque
1307 1914 1626 1955 dentato-ciliutis‚

101 1980 258 2023 muryine
284 1979 415 2013 clorsali
439 1979 577 2024 reflatis
601 1979 840 2023 between-imis
864 1977 917 2012 vel
942 1978 1014 2011 basi
1039 1983 1070 2010 et
1096 1976 1156 2010 sub
1182 1974 1285 2022 'apice
1316 1974 1538 2009 denticulatis
1570 1976 1627 2008 de-

102 2038 337 2079 currentibus,
364 2039 495 2085 fructu
521 2038 700 2072 terminali
726 2038 778 2071 vel
801 2037 1028 2071 ‹Iicltotomiae
1054 2036 1230 2081 imposito,
1265 2034 1469 2080 perianthio
1492 2034 1630 2067 obovuto

102 2098 363 2144 subcompresso⁹
382 2111 440 2132 ore
456 2104 616 2132 truncato
635 2097 920 2131 cilinio-dentato
940 2096 1098 2141 muryine
1113 2095 1219 2135 alato,
1239 2094 1295 2128 ala
1307 2094 1402 2139 apice
1414 2093 1627 2139 spiniformi.

298 2157 470 2192 Lindenb.
497 2157 596 2203 Spec.
626 2157 720 2202 Hep.
741 2168 779 2202 p.
812 2159 888 2190 150.
915 2168 950 2191 n.
977 2158 1035 2190 94.
1062 2162 1087 2189 t.
1113 2158 1172 2189 32.

202 2217 244 2250 In
274 2218 348 2252 Ins.
379 2217 434 2251 St.
462 2215 717 2260 Christophori
743 2215 914 2259 (Breutel
943 2216 979 2249 in
1010 2215 1085 2248 Hb.
1115 2215 1195 2257 Lg.‚
1224 2214 1293 2253 G.‚
1321 2213 1361 2246 L.
1390 2216 1427 2246 et
1456 2212 1534 2257 N.).

321 2291 378 2322 45.
430 2275 767 2333 Plcty'iochila
792 2287 1055 2321 mmotina
1082 2284 1239 2328 Lindbg.
1266 2283 1439 2327 (Mena).

204 2347 265 2383 Pl.
293 2348 389 2382 caule
413 2355 566 2392 repente,
591 2348 699 2381 ramis
724 2347 845 2380 erectis
869 2346 1059 2380 dichotome
1080 2357 1185 2390 parce
1212 2343 1331 2378 divisis
1354 2341 1499 2381 strictis,
1527 2342 1632 2387 soliis

107 2407 298 2441 arctissime
332 2407 525 2441 imbricatis
551 2406 884 2440 dimidiato-ovatis
917 2405 1074 2439 convexis
1105 2404 1233 2438 obtusis
1257 2401 1634 2437 denticulato—ciliatis

108 2467 180 2501 basi
204 2466 353 2500 ventrali
385 2465 505 2500 subtus
536 2467 574 2500 in
606 2467 748 2500 cristam
773 2464 1031 2499 conniventibus
1056 2463 1214 2507 maryine
1248 2460 1376 2496 dorsali
1402 2467 1472 2494 toto
1495 2459 1633 2505 reflesris

108 2533 140 2559 et
168 2525 240 2559 basi
265 2525 399 2570 lovyius
424 2525 704 2566 decurrentibus,
727 2525 861 2569 fructu
893 2522 1070 2558 terminali
1095 2531 1128 2556 et
1155 2520 1314 2560 laterali,
1343 2519 1544 2566 periuntlzio
1576 2518 1632 2551 ob-

110 2585 208 2630 lonyo
233 2586 333 2620 dorso
367 2586 461 2620 alato
494 2585 576 2628 (ula
601 2591 747 2630 anqustu
773 2596 919 2629 superne
944 2584 1084 2617 dentata
1088 2584 1129 2628 ),
1164 2593 1222 2614 ore
1255 2591 1442 2625 compresso
1474 2583 1634 2612 truncato

110 2643 227 2678 ciliuto
238 2644 447 2689 fimbriato.

304 2706 511 2747 Plagiochila
533 2707 693 2737 annotina
719 2702 891 2737 Lindenb.
908 2702 1008 2748 Spec.
1028 2701 1122 2746 Hep.
1139 2699 1242 2734 Fusc.
1259 2699 1290 2733 Ι.
1307 2710 1345 2743 p.
1360 2702 1419 2732 34.
1437 2711 1471 2732 n.
1487 2702 1541 2731 18.
1559 2703 1584 2729 t.
1599 2699 1633 2729 6.

303 2766 569 2807 Jungermaunia
597 2767 758 2797 annotina
786 2762 911 2796 Menz.
931 2760 1162 2807 apud.Hook.
1181 2760 1218 2793 in
1229 2758 1344 2792 Musc.
1365 2762 1452 2789 exot.
1471 2756 1518 2788 ad
1539 2757 1633 2787 t.9().

304 2824 332 2854 J.
359 2823 573 2856 adiantoides
602 2823 715 2857 Hook.
744 2822 766 2856 l.
794 2834 824 2857 c.
852 2824 962 2866 t.·9o.
995 2818 1104 2863 (exet.
1131 2829 1205 2864 syn.
1233 2815 1443 2859 Swartzii.)

210 2880 370 2915 Habitat
394 2881 431 2915 in
459 2881 540 2916 sinu
571 2882 703 2926 Dusky
733 2882 813 2925 Bay
841 2880 942 2914 dioto
970 2879 1101 2913 Novae
1116 2874 1353 2915 Zeehndiae,
1385 2871 1484 2905 unde
1512 2869 1637 2904 retulit

116 2940 345 2975 Menziesius
372 2951 469 2974 anno
500 2943 585 2976 1791
616 2941 711 2984 (Hb.
740 2941 816 2976 Hk.
846 2944 883 2975 et
908 2939 1009 2982 Lg.).
