1824 3252
174 233 248 266 742
766 225 1069 271 Phragmicoma.

177 344 324 380 Habitu
350 343 463 378 refert
488 341 580 375 Var.
608 342 630 381 β
649 340 670 363 ³*
697 339 763 374 sed
802 339 893 374 solia
926 345 1015 374 sunt
1049 339 1213 374 validius
1246 340 1401 376 dentata
1432 340 1558 386 (apice
1585 346 1710 377 3-4-

174 405 330 440 dentata
356 404 468 437 dente
495 400 632 445 apicali
653 399 835 443 maiore),
870 399 996 434 lobulo
1023 410 1112 434 mox
1138 399 1322 443 obsoleto,
1349 411 1438 435 mox
1463 412 1599 445 parvo,
1627 413 1714 437 mox

174 464 329 503 maiore,
358 459 638 505 ampliigastriis
665 470 779 505 quam
807 460 844 493 in
871 460 921 501 β*
951 460 1170 495 minoribus.

272 523 366 557 Var.
393 522 472 556 oe**
500 524 552 549 a*
581 519 690 564 stirpi
717 520 891 564 originali
918 519 1091 564 propior,
1127 520 1234 565 apice
1258 521 1520 555 nonnullorum
1543 521 1713 556 foliorum

175 584 373 618 transitum
403 582 451 616 ad
477 591 557 614 var.
584 581 606 619 β
633 584 754 623 parat.
807 581 965 624 Stirpes‚
991 591 1086 624 quas
1113 581 1158 615 cl.
1186 581 1324 616 Moritz
1351 592 1371 615 e
1390 581 1588 616 Columbia
1617 582 1713 624 (Hb.

176 643 270 687 Reg.
287 643 409 677 Berol.
431 653 465 676 n.
480 642 542 683 92)
570 640 709 680 retulit,
737 639 879 674 habent
895 639 985 673 folia
1002 640 1192 683 contigua,
1220 642 1400 676 nonnulla
1425 642 1532 685 apice
1548 640 1713 675 dentata.

174 702 309 737 Lobuli
338 701 511 736 soliorum
539 704 577 734 et
605 700 877 743 amphigastria
905 700 1025 743 magis
1053 705 1093 735 ut
1120 701 1156 735 in
1184 712 1206 732 oc
1224 702 1243 721 ³*
1271 712 1384 746 quam
1411 701 1449 735 in
1476 703 1543 743 βξ
1577 712 1712 746 quam-

174 773 286 808 quam
315 766 474 806 utraque
500 761 537 795 in
567 760 766 795 Columbia
795 761 891 794 lecta
919 763 988 794 est.

174 868 210 901 p.
239 859 323 891 293.
423 858 447 890 2
469 855 506 890 d.
534 857 546 888 ἲ
572 854 988 901 Phraqmicoma
1013 853 1292 901 bacci-fera
1316 854 1466 898 Taylor.

273 917 364 951 Phr.
399 915 498 950 caule
529 914 746 961 subdi-§perso
767 913 990 961 plam'usculo
1022 913 1175 959 elonyato
1198 914 1439 961 procumbente
1463 927 1545 959 vvaye
1569 926 1715 951 ramoso,

162 976 269 1022 foliis
294 975 488 1010 imbricatis
508 975 708 1021 putentibus
733 974 1007 1019 oblonyo-ovatis
1034 975 1267 1019 inteyerrime’s
1281 976 1377 1021 tipice
1390 976 1543 1009 recurvis
1559 976 1717 1020 maryine

173 1037 325 1071 ventrali
349 1035 552 1070 recliusculo
577 1035 898 1081 sinuato-plicato,
940 1034 1062 1068 {obulis
1087 1036 1232 1069 minutis
1259 1034 1414 1080 liffulatis
1438 1035 1630 1081 subylobose
1656 1037 1713 1069 in-

172 1096 310 1138 volutis,
336 1096 601 1142 ampliiyastriis
626 1094 815 1129 maioribus
840 1096 988 1128 rotando
1014 1094 1261 1140 reni'formibns
1286 1094 1478 1129 imbricatis
1501 1094 1716 1140 suberunt-yi-

173 1158 279 1199 natis,
301 1157 502 1203 periantliio
529 1156 669 1189 laterali
693 1167 883 1201 compresso
911 1154 1054 1200 oblonyo
1079 1168 1136 1188 ore
1163 1155 1327 1188 bilabiato
1354 1156 1503 1195 dentato,
1532 1154 1719 1189 involucris

173 1216 331 1258 minutis,
346 1216 455 1262 foliis
480 1215 750 1250 involucraIibus
776 1214 895 1249 bilobt’s
921 1214 1005 1248 [obis
1029 1215 1305 1261 subaeqmdibus,
1334 1217 1430 1262 apice
1454 1216 1620 1250 inmrvis.

370 1277 638 1319 Plu-agmicoma
673 1277 842 1307 baccisem
891 1274 994 1321 Tayl.
1031 1275 1119 1309 Νου.
1156 1276 1251 1322 Hel).
1293 1276 1330 1309 in
1364 1276 1478 1310 Lond.
1513 1276 1642 1310 Journ..
1681 1276 1726 1320 of

466 1335 534 1370 bot.
575 1338 679 1370 1846.
702 1348 740 1381 p.
767 1337 850 1369 387.
879 1347 912 1368 η.
941 1338 975 1369 4.

273 1395 435 1430 Habitat
465 1396 501 1429 in
531 1395 641 1430 Nova
670 1395 875 1429 Hollandia
905 1395 1002 1439 (Hb.
1033 1395 1141 1438 Hm.

272 1456 421 1490 Pallide
449 1456 634 1490 olivacea.
690 1455 818 1489 Caules
843 1460 865 1489 2
895 1477 911 1482 -
940 1459 963 1491 3
990 1456 1144 1500 pollices
1173 1456 1292 1499 longi,
1337 1454 1587 1499 complanati‚
1627 1454 1718 1487 rami

174 1521 362 1561 patentes,
391 1515 517 1560 pauci,
546 1515 719 1550 surculus
747 1516 956 1550 terminalis
985 1516 1195 1559 elongatus.
1248 1515 1354 1549 Folia
1381 1520 1418 1549 et
1445 1514 1717 1558 ampliigastria

173 1576 410 1615 tenuissima,
437 1576 573 1610 areolis
600 1576 746 1619 magnis
774 1576 974 1610 distinctis.
1026 1576 1134 1611 Folia
1162 1581 1263 1610 arcte
1291 1576 1510 1616 imbricata,
1537 1574 1717 1616 flaccida;

174 1636 322 1671 lobulus
349 1636 536 1677 minutus,
571 1637 602 1670 si
630 1637 862 1680 explanatur
890 1637 1088 1679 ligulatus,
1124 1637 1188 1670 sed
1217 1637 1254 1671 in
1284 1640 1387 1670 statu
1415 1634 1577 1668 naturali
1604 1633 1713 1667 invo-

174 1697 252 1730 luto
278 1706 422 1740 opacus
445 1703 482 1730 et
499 1696 770 1740 sphaeroideus
789 1701 960 1741 apparet.
1000 1697 1251 1731 Periantlu'wn
1276 1696 1442 1738 laterale‚
1470 1695 1546 1729 fere
1573 1693 1717 1735 sessile,

173 1756 358 1800 triplicem
385 1756 568 1790 involucri
599 1756 836 1790 altitudinem
858 1767 1040 1801 aequans,
1067 1757 1178 1791 dorso
1197 1757 1323 1801 paullo
1338 1765 1559 1795 concavum,
1587 1759 1716 1788 ventre

174 1827 408 1857 convexum,
435 1822 672 1857 ecostatum,
710 1817 740 1851 si
768 1828 925 1861 parvam
954 1821 990 1850 et
1017 1827 1174 1861 opacam
1203 1817 1411 1851 carinulam
1439 1815 1651 1856 medianam
1678 1814 1716 1848 in

172 1876 284 1911 dorso
320 1877 480 1921 excipis.
543 1878 630 1911 Duo
674 1876 886 1921 perianthia
923 1881 1070 1910 tantum
1114 1877 1277 1912 vidimus
1319 1877 1354 1910 in
1392 1887 1466 1910 uno
1509 1875 1716 1920 eodemque

173 1937 294 1977 caule,
322 1948 480 1981 quorum
509 1938 669 1970 alterum
697 1948 760 1971 ore
790 1937 971 1971 bilabiato
1000 1938 1124 1971 valide
1152 1942 1189 1971 et
1215 1937 1392 1970 distincte
1418 1936 1591 1977 dentato,
1619 1936 1717 1970 alte—

173 2006 255 2030 rum
290 2007 355 2030 ore
388 1996 630 2038 integerrimo
655 1996 716 2039 (l)
752 1997 955 2037 gaudebat.
1010 1996 1200 2031 Involucri
1237 1996 1322 2030 solia
1351 1996 1461 2030 valde
1488 1996 1644 2029 minuta.
1669 2015 1717 2020 —

174 2054 387 2097 Singularis
422 2054 595 2097 habitus,
632 2056 696 2100 qui
732 2060 806 2089 tam
841 2056 968 2089 multis
1002 2057 1142 2100 plantis
1177 2067 1197 2089 e
1226 2056 1335 2090 Nova
1363 2056 1568 2090 Hollandia
1605 2053 1714 2096 ine-st,

174 2114 288 2148 etiam
329 2114 365 2148 in
400 2115 470 2148 hac
501 2116 791 2160 Phragmicoma
818 2115 998 2158 singulari
1026 2115 1237 2149 lobulorum
1271 2114 1568 2150 conformatione
1597 2115 1715 2149 videri

173 2179 310 2220 potest.
362 2175 519 2220 (Taylor
546 2176 570 2210 l.
598 2177 664 2220 c.).

271 2235 380 2269 Obs.
418 2234 637 2269 Secundum
665 2235 958 2279 descriptionem
987 2233 1102 2268 lobuli
1129 2233 1254 2268 forsan
1283 2234 1402 2277 magis
1430 2234 1477 2267 ad
1496 2234 1571 2280 [φ’.
1591 2233 1713 2280 sphae-

172 2295 359 2340 roplmram
384 2295 565 2339 (Synops.
592 2306 627 2338 p.
643 2297 726 2329 334.
756 2296 872 2339 n.52)
899 2294 1080 2329 accedere
1107 2294 1268 2334 videtur,
1299 2295 1389 2339 quin
1418 2294 1530 2328 etiam
1558 2293 1711 2338 perian-

172 2355 292 2389 thium
326 2355 524 2389 dentatum
561 2354 682 2398 magis
721 2354 931 2401 queuniam
965 2365 1079 2399 quam
1120 2354 1429 2398 Pleraymieomam
1464 2354 1608 2398 prodit,
1648 2354 1715 2388 sed

172 2424 258 2448 cum
284 2413 453 2458 plantam
480 2425 554 2448 non
583 2414 803 2456 viderimus,
831 2415 901 2449 hoc
928 2415 1011 2449 loco
1039 2415 1221 2449 intactam
1248 2425 1428 2460 reponere
1454 2414 1666 2448 maluimus.

172 2517 209 2552 p.
235 2509 322 2542 294.
470 2510 494 2542 2
515 2518 547 2542 e.
598 2509 1015 2554 Phraymicoma
1038 2509 1253 2554 repleta
1277 2508 1428 2553 Taylor.

271 2577 365 2612 Phr.
400 2578 497 2613 caule
529 2580 714 2626 caespitoso
748 2588 855 2615 erecto
889 2582 986 2628 apice
1015 2580 1221 2615 subint-urvo
1255 2592 1339 2626 vaye
1373 2591 1527 2620 ramosO,
1563 2580 1713 2615 surculis

172 2637 450 2672 adscendentibus
481 2640 647 2685 utrinque
671 2642 887 2684 attenuatis,
912 2641 1020 2687 foliis
1053 2648 1149 2675 arcte
1182 2639 1376 2674 imbricatis
1407 2638 1714 2684 acinacq’formibus

172 2697 268 2744 apice
293 2697 429 2744 oblique
456 2700 627 2733 truncatis
652 2699 776 2733 lohulis
799 2701 1047 2747 subquadratis
1070 2700 1246 2741 involutis,
1272 2699 1537 2745 amplziyastriis
1555 2698 1711 2733 obovato-

173 2759 326 2792 cordatis
348 2760 506 2804 maryz‘ne
530 2760 694 2800 recurvis,
715 2761 917 2806 per-ianthio
943 2760 1089 2794 axillari
1105 2759 1300 2794 subeoeserlo
1323 2757 1464 2793 obovato
1487 2769 1596 2804 supra
1620 2771 1711 2793 com—

167 2829 288 2863 presso
312 2829 455 2852 concavo
480 2819 601 2854 subtus
627 2818 745 2853 obtuse
769 2821 928 2854 carinum
952 2832 1012 2854 ore
1036 2820 1210 2866 hibisci-o,
1233 2819 1429 2866 periyoniis
1451 2831 1556 2865 quam
1574 2819 1712 2854 surculo

173 2876 356 2913 latioribus
382 2885 486 2924 atque
510 2880 547 2913 in
571 2878 726 2913 surculos
750 2878 964 2914 abeuntibus.

367 2940 533 2982 Lejeunia
559 2941 686 2984 repleta
716 2938 820 2985 Tayl.
850 2940 938 2974 Nm).
968 2939 1062 2985 Hep.
1088 2940 1126 2973 in
1154 2939 1410 2973 LonoLJourn.
1436 2938 1565 2986 ofbot.
1606 2940 1709 2973 1846.

446 3012 488 3046 p.
512 3001 597 3035 392.
623 3011 660 3037 n.
685 3002 721 3035 9.
