1824 3252
167 180 240 212 512
779 174 1081 218 Plagiochasma.

169 290 352 334 solitarii,
385 290 443 325 vel
469 289 508 323 in
534 288 659 322 media
687 287 818 322 fronde
852 291 919 321 aut
949 287 1076 322 seriati
1104 291 1170 322 aut
1195 287 1366 324 solitarii.
1425 290 1640 328 Pedunculi
1664 292 1703 327 in

167 351 299 386 fronde
333 349 522 391 dorsales,
560 359 581 382 e
615 347 772 391 singulis
804 347 961 382 soveolis
987 347 1230 381 excorticatis
1255 349 1551 395 marginatisque
1578 361 1701 385 emer-

166 414 322 454 gentes,
357 406 594 442 involucrati.
654 406 855 441 Involucra
895 405 1047 450 propria
1081 406 1187 441 lobos
1229 409 1456 451 receptaculi
1498 410 1705 445 maximam

166 473 312 513 partem
341 465 552 507 efficientia,
580 465 754 510 apicibus
776 477 891 511 supra
918 465 1099 500 verticem
1122 467 1350 511 receptaculi
1369 468 1703 513 adscendentibus,

165 527 352 568 bivalvia,
389 525 618 560 verticaliter
644 525 704 559 vel
732 525 852 560 rarius
879 526 918 559 in
947 526 1197 569 receptaculis
1222 527 1461 571 monocarpis
1487 528 1701 564 horizonta-

165 587 251 621 liter
277 584 527 624 dehiscentia,
554 585 939 627 submembranacea,
966 596 1206 629 monocarpa.
1259 585 1521 620 Perianthium
1548 589 1704 624 nullum.

167 646 349 690 Calyptra
377 646 425 680 ad
450 645 559 679 basin
588 644 731 679 fructus
757 645 1124 689 lacero-persistens.
1167 646 1333 689 Capsula
1359 646 1704 690 brevipedicellata,

164 705 360 741 involucro
387 705 539 750 proprio
564 708 676 745 tecta,
703 704 1037 746 sublrorizontalis,
1065 704 1205 739 vertice
1232 704 1487 748 irregulariter
1514 718 1706 751 rumpens.

165 766 338 800 Elateres
373 766 447 800 cito
474 764 609 806 soluti,
646 764 684 798 bi
706 785 722 790 -
750 764 991 809 quadrispiri.
1045 764 1198 798 Semina
1225 764 1426 808 poly'edra,
1460 767 1705 801 laeviuscula.

165 825 317 859 Pistilla
343 825 414 859 sub
443 824 590 859 anthesi
618 824 654 858 in
683 824 786 858 disco
813 824 1085 869 receptaculari
1112 824 1233 858 sessili
1261 824 1456 869 paleisque
1483 824 1704 860 involucra-

164 884 265 919 libus
299 889 398 919 tecto
434 888 584 926 erecta,
626 884 722 928 stylo
758 885 944 928 elongato.
1006 883 1265 927 Receptacula
1300 885 1509 919 masculina
1542 886 1580 919 in
1618 886 1704 920 sinu

166 944 286 989 apicis
311 946 370 979 vel
396 945 433 978 in
461 944 585 978 media
613 944 757 985 fronde,
785 944 974 985 immersa,
1002 943 1410 987 muricato-papillata.

265 1004 384 1038 Frons
427 1003 673 1044 sicciuscula,
720 1003 859 1044 laevis,
908 1003 1088 1046 depressa
1149 1007 1214 1036 aut
1257 1003 1444 1046 profunde
1492 1006 1704 1050 obtuseque

165 1065 438 1105 canaliculata,
482 1075 586 1098 nunc
624 1074 672 1097 ex
712 1063 819 1107 apice
847 1063 1053 1104 innovans,
1099 1073 1199 1096 nunc
1231 1063 1412 1097 continua
1447 1066 1484 1098 et
1520 1074 1540 1097 e
1575 1068 1704 1099 costae

164 1128 294 1159 ventre
345 1123 544 1168 prolifera;
603 1122 799 1167 superficie
844 1122 891 1156 ad
950 1122 1113 1166 speciem
1168 1122 1390 1156 exareolata
1441 1128 1477 1157 et
1531 1136 1703 1168 eporosa‚

164 1184 267 1228 poris
304 1183 384 1219 scil.
424 1182 575 1226 exiguis
611 1181 974 1223 intercellularibus‚
1011 1181 1145 1215 subtus
1181 1182 1421 1227 squamigera
1455 1186 1493 1216 et
1518 1183 1704 1226 colorata;

164 1247 283 1277 strato
317 1243 513 1286 hypoporo
550 1252 759 1275 cavernoso
796 1241 1076 1284 dissepimentis
1113 1242 1251 1276 crassis
1287 1242 1523 1277 extrinsecus
1561 1243 1705 1278 areolas

164 1312 242 1336 non
269 1301 583 1336 describentibus.

264 1360 428 1395 Plantae
479 1364 676 1395 terrestres
727 1366 764 1393 et
812 1359 1051 1403 rupincolae,
1103 1360 1207 1394 coelo
1259 1359 1428 1394 calidiori
1479 1362 1704 1407 adscriptae.

166 1420 324 1464 Species
362 1420 608 1463 cognovimus
648 1423 701 1453 13.
764 1419 893 1453 Habet
920 1420 1072 1463 Europa
1112 1420 1292 1463 (Corcyra
1328 1419 1468 1465 insula)
1506 1425 1543 1454 et
1576 1422 1706 1456 Africa

169 1479 344 1521 (Insulae
372 1479 581 1520 Canariae,
620 1478 751 1512 Insula
777 1478 1022 1513 Ascensionis
1056 1482 1092 1512 et
1126 1477 1350 1523 Abyssinia)
1383 1483 1427 1521 3;
1471 1480 1625 1515 Mexico
1660 1485 1705 1521 33

166 1539 331 1583 Nepalia
358 1542 395 1573 et
418 1539 529 1572 India
557 1537 749 1572 orientalis
775 1541 819 1578 33
849 1538 1012 1572 Peruvia
1039 1542 1075 1571 et
1103 1538 1200 1572 Chili
1226 1541 1270 1579 33
1300 1538 1410 1572 Nova
1438 1538 1643 1574 Zeelandia
1672 1543 1703 1573 l.

392 1636 419 1678 ξ
453 1637 481 1667 l.
533 1634 650 1667 Frons
684 1646 723 1666 az·
757 1632 851 1678 apice
885 1633 1025 1666 cordato
1058 1631 1281 1666 articulatim
1304 1633 1481 1668 irznovans.

362 1721 392 1751 l.
444 1717 863 1762 Playae‘ochasnna
905 1716 1189 1750 cordatum
1231 1715 1273 1748 L.
1315 1718 1352 1748 et
1389 1714 1510 1758 Ldbg.

262 1787 323 1821 Pl.
339 1788 473 1833 fronde
497 1801 536 1821 ea·
561 1789 656 1833 apice
683 1788 868 1821 innovante
893 1786 1080 1820 obem-daca
1104 1786 1221 1820 subtus
1239 1792 1515 1832 pmpurascente
1529 1786 1704 1832 ruyuloea,

163 1850 317 1892 squamis
348 1846 561 1881 ventralibus
596 1848 724 1887 ocutis,
758 1847 890 1892 fructa
931 1845 1126 1891 subapimli
1166 1847 1204 1879 in
1235 1846 1352 1891 quovis
1372 1845 1521 1890 frondis
1554 1846 1705 1880 articulo

163 1906 316 1950 εἱηφιῖο,
344 1906 538 1951 pedunculo
570 1906 643 1939 basi
677 1905 851 1947 subando,
887 1905 1097 1951 receptaculo
1113 1906 1271 1951 femineo
1312 1904 1334 1938 1
1351 1904 1553 1951 -4-εανμο
1585 1906 1704 1939 subtus

164 1963 298 1999 bret-ius
316 1966 523 2010 parciusque
549 1964 704 1998 barbato.

359 2024 620 2066 Plagiochasma
648 2023 829 2055 cordatum
856 2023 900 2056 L.
927 2030 959 2055 et
986 2024 1053 2068 Ly.
1081 2024 1119 2057 in
1136 2023 1255 2056 Lelzm.
1272 2022 1431 2068 Pugnpl.
1459 2023 1529 2057 IV.
1559 2023 1700 2068 (1832.)

440 2094 480 2127 p.
511 2086 566 2117 13.
595 2096 627 2116 n.
657 2086 687 2116 l.
740 2083 787 2115 N.
816 2081 858 2115 ab
885 2081 932 2114 E.
966 2082 1057 2127 Hep.
1093 2082 1183 2115 Eur.
1221 2081 1290 2116 IV.
1319 2094 1359 2127 p.
1387 2081 1539 2115 LXIII.
1578 2090 1610 2117 et
1643 2087 1701 2118 40.

443 2154 477 2175 η.
511 2145 539 2176 l.
594 2141 753 2175 Gottsclae
776 2141 871 2174 Icmz.
901 2140 993 2186 Hep.
1020 2142 1141 2175 inedit.

263 2210 411 2245 Crescit
435 2210 474 2245 in
503 2211 665 2255 Nepalia
691 2211 874 2255 (Wallich
902 2213 939 2246 in
970 2212 1046 2246 Hb.
1077 2213 1154 2247 Hk.
1184 2223 1218 2246 n.
1247 2215 1303 2247 17.
1335 2215 1390 2247 19.
1417 2216 1465 2247 32
1491 2217 1529 2247 et
1552 2214 1626 2259 L.).

262 2271 421 2304 Fromles
456 2272 714 2315 caesphosae,
756 2272 888 2305 subtus
928 2271 1185 2306 radicularum
1225 2272 1421 2315 longarum
1459 2274 1577 2309 denso
1615 2274 1703 2310 villo

163 2334 287 2364 terrae
324 2332 382 2366 vel
417 2331 558 2365 muscis
593 2331 764 2372 adfixae,
801 2341 885 2364 cum
922 2331 1231 2365 innovationibus
1267 2331 1417 2365 unciam
1450 2333 1511 2366 vel
1549 2333 1697 2378 sesqui-

163 2390 337 2434 pollicem
365 2391 512 2434 longae,
537 2389 726 2433 simplices
741 2389 912 2434 quidem,
939 2391 1004 2424 sed
1032 2391 1080 2424 ob
1108 2391 1371 2426 innovationes
1397 2403 1446 2426 ex
1474 2392 1593 2436 apicis
1617 2394 1701 2428 sinu

163 2450 396 2493 prodeuntes
423 2449 638 2493 duplicatae
665 2454 702 2482 et
728 2450 959 2494 triplicatae,
988 2451 1186 2493 comatae,
1224 2462 1244 2486 e
1271 2452 1353 2486 basi
1381 2452 1597 2494 angustiore
1623 2453 1702 2487 sci—

162 2508 253 2542 licet
280 2509 404 2543 subito
431 2509 634 2551 dilatatae,
669 2510 916 2553 rotundatae,
951 2511 1226 2554 emarginatae‚
1263 2510 1434 2554 margine
1461 2511 1697 2548 subadscen—

164 2566 297 2601 dentes
323 2568 698 2612 undulato-crispae
724 2580 995 2615 nonnunquam
1032 2571 1099 2606 sed
1126 2570 1248 2604 rarius
1277 2569 1356 2603 basi
1382 2569 1545 2613 incisae,
1580 2582 1701 2606 mem-—

163 2626 392 2669 branaceae,
417 2627 542 2662 medio
568 2626 817 2663 incrassatae.
869 2629 1080 2673 Epidermis
1107 2629 1260 2670 viridis,
1293 2628 1444 2672 glabra,
1479 2641 1529 2665 ex
1564 2631 1700 2666 areolis

164 2684 294 2719 densis
329 2686 500 2721 rotundis
535 2687 718 2729 conflata;
761 2689 902 2732 pagina
938 2689 1091 2724 inferior
1124 2688 1342 2723 membrana
1375 2692 1476 2723 tecta
1507 2699 1697 2733 purpura-

165 2748 295 2779 scente
322 2746 501 2789 rugulosa
528 2757 575 2780 ex
604 2747 740 2781 areolis
766 2749 972 2783 maioribus
998 2749 1158 2783 conflata
1192 2751 1230 2782 et
1265 2748 1313 2782 ad
1350 2751 1504 2782 costam·
1524 2748 1700 2793 utrinque

164 2804 372 2849 squamulis
406 2806 466 2840 vel
500 2806 620 2850 paleis
653 2807 871 2851 sanguineis
906 2808 1095 2842 interdum
1128 2806 1250 2841 bifidis
1282 2807 1479 2842 instructa.
1530 2806 1700 2842 Frondes

163 2862 392 2907 primariae,
434 2876 554 2911 aeque
581 2877 625 2900 ac
650 2866 935 2910 innovationes,
970 2872 1057 2902 ante
1083 2866 1201 2911 apicis
1234 2867 1356 2902 sinum
1383 2867 1637 2902 intumescunt
1661 2870 1700 2901 ct

163 2923 420 2966 pedunculum
461 2925 636 2961 emittunt
675 2926 760 2961 basi
799 2927 963 2971 nudum,
1010 2927 1070 2962 vel
1108 2926 1231 2963 rarius
1268 2927 1380 2973 palea
1417 2937 1495 2963 una
1534 2926 1698 2962 alterave
