<?xml version="1.0" encoding="UTF-8"?>
<!DOCTYPE html PUBLIC "-//W3C//DTD XHTML 1.0 Transitional//EN"
    "http://www.w3.org/TR/xhtml1/DTD/xhtml1-transitional.dtd">
<html xmlns="http://www.w3.org/1999/xhtml" xml:lang="en" lang="en">
 <head>
  <title>
</title>
<meta http-equiv="Content-Type" content="text/html;charset=utf-8" />
  <meta name='ocr-system' content='tesseract 3.04.00' />
  <meta name='ocr-capabilities' content='ocr_page ocr_carea ocr_par ocr_line ocrx_word'/>
</head>
<body>
  <div class='ocr_page' id='page_1' title='image "./synopsishepatica00gott_0326.png"; bbox 0 0 1824 3252; ppageno 0'>
   <div class='ocr_carea' id='block_1_1' title="bbox 220 211 1291 257">
    <p class='ocr_par' dir='ltr' id='par_1_1' title="bbox 220 211 1291 257">
     <span class='ocr_line' id='line_1_1' title="bbox 220 211 1291 257; baseline -0.007 -4"><span class='ocrx_word' id='word_1_1' title='bbox 220 221 292 253; x_wconf 79' lang='lat'>292</span> <span class='ocrx_word' id='word_1_2' title='bbox 672 212 942 257; x_wconf 80' lang='lat' dir='ltr'>Ptychanthus.</span> <span class='ocrx_word' id='word_1_3' title='bbox 997 211 1291 255; x_wconf 81' lang='lat' dir='ltr'>Phragmicoma.</span> 
     </span>
    </p>
   </div>
   <div class='ocr_carea' id='block_1_2' title="bbox 222 323 1742 491">
    <p class='ocr_par' dir='ltr' id='par_1_2' title="bbox 222 323 1742 491">
     <span class='ocr_line' id='line_1_2' title="bbox 223 323 1739 370; baseline -0.005 -5"><span class='ocrx_word' id='word_1_4' title='bbox 223 331 268 365; x_wconf 83' lang='lat' dir='ltr'>ad</span> <span class='ocrx_word' id='word_1_5' title='bbox 302 329 463 365; x_wconf 81' lang='lat' dir='ltr'>medium</span> <span class='ocrx_word' id='word_1_6' title='bbox 499 331 564 361; x_wconf 89' lang='lat' dir='ltr'>aut</span> <span class='ocrx_word' id='word_1_7' title='bbox 596 326 708 370; x_wconf 82' lang='lat' dir='ltr'>paulo</span> <span class='ocrx_word' id='word_1_8' title='bbox 735 324 891 359; x_wconf 77' lang='lat' dir='ltr'>inferius</span> <span class='ocrx_word' id='word_1_9' title='bbox 916 323 1190 368; x_wconf 84' lang='lat' dir='ltr'>quadrivalvis‚</span> <span class='ocrx_word' id='word_1_10' title='bbox 1231 325 1349 359; x_wconf 81' lang='lat' dir='ltr'>valvis</span> <span class='ocrx_word' id='word_1_11' title='bbox 1383 324 1481 359; x_wconf 84' lang='lat' dir='ltr'>circa</span> <span class='ocrx_word' id='word_1_12' title='bbox 1509 325 1634 368; x_wconf 82' lang='lat' dir='ltr'>apices</span> <span class='ocrx_word' id='word_1_13' title='bbox 1662 324 1739 357; x_wconf 72' lang='lat' dir='ltr'>ela—</span> 
     </span>
     <span class='ocr_line' id='line_1_3' title="bbox 222 383 1742 431; baseline -0.005 -7"><span class='ocrx_word' id='word_1_14' title='bbox 222 390 362 425; x_wconf 85' lang='lat' dir='ltr'>teribus</span> <span class='ocrx_word' id='word_1_15' title='bbox 395 385 572 431; x_wconf 80' lang='lat' dir='ltr'>unispiris</span> <span class='ocrx_word' id='word_1_16' title='bbox 607 384 787 418; x_wconf 81' lang='lat' dir='ltr'>barbatis.</span> <span class='ocrx_word' id='word_1_17' title='bbox 848 383 1112 428; x_wconf 79' lang='lat' dir='ltr'>Inflorescentia</span> <span class='ocrx_word' id='word_1_18' title='bbox 1142 384 1296 418; x_wconf 74' lang='lat' dir='ltr'>mascula</span> <span class='ocrx_word' id='word_1_19' title='bbox 1329 385 1556 423; x_wconf 74' lang='lat' dir='ltr'>terminalis,</span> <span class='ocrx_word' id='word_1_20' title='bbox 1596 390 1671 418; x_wconf 83' lang='lat' dir='ltr'>tum</span> <span class='ocrx_word' id='word_1_21' title='bbox 1708 385 1742 417; x_wconf 79' lang='lat' dir='ltr'>iu</span> 
     </span>
     <span class='ocr_line' id='line_1_4' title="bbox 224 442 1366 491; baseline -0.005 -7"><span class='ocrx_word' id='word_1_22' title='bbox 224 449 363 484; x_wconf 83' lang='lat' dir='ltr'>ramulo</span> <span class='ocrx_word' id='word_1_23' title='bbox 391 445 561 491; x_wconf 87' lang='lat' dir='ltr'>proprio,</span> <span class='ocrx_word' id='word_1_24' title='bbox 589 447 667 477; x_wconf 85' lang='lat' dir='ltr'>tum</span> <span class='ocrx_word' id='word_1_25' title='bbox 694 442 731 476; x_wconf 85' lang='lat' dir='ltr'>iu</span> <span class='ocrx_word' id='word_1_26' title='bbox 758 442 888 476; x_wconf 87' lang='lat' dir='ltr'>eodem</span> <span class='ocrx_word' id='word_1_27' title='bbox 915 453 1000 476; x_wconf 85' lang='lat' dir='ltr'>eum</span> <span class='ocrx_word' id='word_1_28' title='bbox 1027 443 1186 477; x_wconf 78' lang='lat' dir='ltr'>feminea</span> <span class='ocrx_word' id='word_1_29' title='bbox 1213 446 1366 478; x_wconf 75' lang='lat' dir='ltr'>ramulo,</span> 
     </span>
    </p>
   </div>
   <div class='ocr_carea' id='block_1_3' title="bbox 530 523 1444 568">
    <p class='ocr_par' dir='ltr' id='par_1_3' title="bbox 530 523 1444 568">
     <span class='ocr_line' id='line_1_5' title="bbox 530 523 1444 568; baseline 0 -11"><span class='ocrx_word' id='word_1_30' title='bbox 530 525 566 558; x_wconf 89' lang='lat'>6.</span> <span class='ocrx_word' id='word_1_31' title='bbox 616 523 985 568; x_wconf 69' lang='lat' dir='ltr'>Ptyehanthus</span> <span class='ocrx_word' id='word_1_32' title='bbox 1009 525 1224 558; x_wconf 73' lang='lat' dir='ltr'>retusus</span> <span class='ocrx_word' id='word_1_33' title='bbox 1253 523 1298 557; x_wconf 93' lang='lat' dir='ltr'>N.</span> <span class='ocrx_word' id='word_1_34' title='bbox 1326 523 1373 558; x_wconf 80' lang='lat' dir='ltr'>ab</span> <span class='ocrx_word' id='word_1_35' title='bbox 1400 524 1444 557; x_wconf 89' lang='lat' dir='ltr'>E.</span> 
     </span>
    </p>
   </div>
   <div class='ocr_carea' id='block_1_4' title="bbox 220 593 1749 1527">
    <p class='ocr_par' dir='ltr' id='par_1_4' title="bbox 220 593 1746 878">
     <span class='ocr_line' id='line_1_6' title="bbox 320 593 1741 640; baseline -0.002 -11"><span class='ocrx_word' id='word_1_36' title='bbox 320 597 382 629; x_wconf 82' lang='lat' dir='ltr'>Pt.</span> <span class='ocrx_word' id='word_1_37' title='bbox 410 594 504 629; x_wconf 77' lang='lat' dir='ltr'>caule</span> <span class='ocrx_word' id='word_1_38' title='bbox 529 601 665 640; x_wconf 81' lang='lat' dir='ltr'>repente</span> <span class='ocrx_word' id='word_1_39' title='bbox 690 594 798 627; x_wconf 76' lang='lat' dir='ltr'>ramis</span> <span class='ocrx_word' id='word_1_40' title='bbox 823 593 1025 628; x_wconf 73' lang='lat' dir='ltr'>‹lichotomis</span> <span class='ocrx_word' id='word_1_41' title='bbox 1049 593 1277 628; x_wconf 75' lang='lat' dir='ltr'>erectiusculis</span> <span class='ocrx_word' id='word_1_42' title='bbox 1301 595 1457 628; x_wconf 75' lang='lat' dir='ltr'>rariusre</span> <span class='ocrx_word' id='word_1_43' title='bbox 1475 595 1636 640; x_wconf 75' lang='lat' dir='ltr'>pinnatis</span> <span class='ocrx_word' id='word_1_44' title='bbox 1658 606 1741 639; x_wconf 66' lang='lat' dir='ltr'>pro-⁵</span> 
     </span>
     <span class='ocr_line' id='line_1_7' title="bbox 222 652 1746 700; baseline -0.005 -9"><span class='ocrx_word' id='word_1_45' title='bbox 222 655 472 696; x_wconf 69' lang='lat' dir='ltr'>cumbentibus,</span> <span class='ocrx_word' id='word_1_46' title='bbox 495 653 602 700; x_wconf 79' lang='lat' dir='ltr'>foliis</span> <span class='ocrx_word' id='word_1_47' title='bbox 635 652 973 687; x_wconf 61' lang='lat' dir='ltr'>sublim-izontalibus</span> <span class='ocrx_word' id='word_1_48' title='bbox 1005 653 1176 688; x_wconf 75' lang='lat' dir='ltr'>disticho·</span> <span class='ocrx_word' id='word_1_49' title='bbox 1186 652 1301 699; x_wconf 78' lang='lat' dir='ltr'>planis</span> <span class='ocrx_word' id='word_1_50' title='bbox 1332 652 1464 698; x_wconf 72' lang='lat' dir='ltr'>oblique</span> <span class='ocrx_word' id='word_1_51' title='bbox 1496 653 1605 686; x_wconf 79' lang='lat' dir='ltr'>ovatis</span> <span class='ocrx_word' id='word_1_52' title='bbox 1635 653 1746 685; x_wconf 74' lang='lat' dir='ltr'>acutis</span> 
     </span>
     <span class='ocr_line' id='line_1_8' title="bbox 223 710 1743 760; baseline -0.003 -11"><span class='ocrx_word' id='word_1_53' title='bbox 223 715 450 760; x_wconf 73' lang='lat' dir='ltr'>inteyerrimis</span> <span class='ocrx_word' id='word_1_54' title='bbox 475 712 585 748; x_wconf 78' lang='lat' dir='ltr'>Iobulo</span> <span class='ocrx_word' id='word_1_55' title='bbox 609 712 797 758; x_wconf 78' lang='lat' dir='ltr'>adplanato</span> <span class='ocrx_word' id='word_1_56' title='bbox 823 713 965 746; x_wconf 76' lang='lat' dir='ltr'>minimo</span> <span class='ocrx_word' id='word_1_57' title='bbox 991 713 1041 748; x_wconf 83' lang='lat' dir='ltr'>vel</span> <span class='ocrx_word' id='word_1_58' title='bbox 1061 712 1297 759; x_wconf 73' lang='lat' dir='ltr'>plicaeformi,</span> <span class='ocrx_word' id='word_1_59' title='bbox 1329 712 1588 758; x_wconf 59' lang='lat' dir='ltr'>arnplziyastriis</span> <span class='ocrx_word' id='word_1_60' title='bbox 1612 710 1743 745; x_wconf 52' lang='lat' dir='ltr'>sabim*</span> 
     </span>
     <span class='ocr_line' id='line_1_9' title="bbox 222 771 1746 818; baseline -0.002 -9"><span class='ocrx_word' id='word_1_61' title='bbox 222 775 361 809; x_wconf 70' lang='lat' dir='ltr'>brieacz&#39;s</span> <span class='ocrx_word' id='word_1_62' title='bbox 386 772 603 808; x_wconf 77' lang='lat' dir='ltr'>orbiculato·</span> <span class='ocrx_word' id='word_1_63' title='bbox 618 774 799 818; x_wconf 74' lang='lat' dir='ltr'>quadratis</span> <span class='ocrx_word' id='word_1_64' title='bbox 823 773 964 812; x_wconf 73' lang='lat' dir='ltr'>retusis,</span> <span class='ocrx_word' id='word_1_65' title='bbox 989 772 1172 818; x_wconf 48' lang='lat' dir='ltr'>flacc-tibus</span> <span class='ocrx_word' id='word_1_66' title='bbox 1203 785 1220 806; x_wconf 86' lang='lat' dir='ltr'>e</span> <span class='ocrx_word' id='word_1_67' title='bbox 1253 772 1463 806; x_wconf 70' lang='lat' dir='ltr'>dichotomia</span> <span class='ocrx_word' id='word_1_68' title='bbox 1486 771 1746 817; x_wconf 60' lang='lat' dir='ltr'>adproavfmatis,</span> 
     </span>
     <span class='ocr_line' id='line_1_10' title="bbox 220 831 601 878; baseline 0 -13"><span class='ocrx_word' id='word_1_69' title='bbox 220 831 426 877; x_wconf 77' lang='lat' dir='ltr'>periantlziis</span> <span class='ocrx_word' id='word_1_70' title='bbox 446 832 601 878; x_wconf 75' lang='lat' dir='ltr'><em>plicatis.</em></span> 
     </span>
    </p>

    <p class='ocr_par' dir='ltr' id='par_1_5' title="bbox 304 892 1747 1053">
     <span class='ocr_line' id='line_1_11' title="bbox 304 892 1747 935; baseline -0.001 -12"><span class='ocrx_word' id='word_1_71' title='bbox 304 903 338 931; x_wconf 79' lang='grc' dir='ltr'>α,</span> <span class='ocrx_word' id='word_1_72' title='bbox 367 894 463 924; x_wconf 87' lang='lat' dir='ltr'>caule</span> <span class='ocrx_word' id='word_1_73' title='bbox 491 893 781 925; x_wconf 79' lang='lat' dir='ltr'>subfasciculatim</span> <span class='ocrx_word' id='word_1_74' title='bbox 809 904 958 931; x_wconf 83' lang='lat' dir='ltr'>ramoso,</span> <span class='ocrx_word' id='word_1_75' title='bbox 993 894 1095 924; x_wconf 85' lang='lat' dir='ltr'>ramis</span> <span class='ocrx_word' id='word_1_76' title='bbox 1123 892 1316 924; x_wconf 80' lang='lat' dir='ltr'>inordinate</span> <span class='ocrx_word' id='word_1_77' title='bbox 1342 893 1487 935; x_wconf 81' lang='lat' dir='ltr'>pinnatis</span> <span class='ocrx_word' id='word_1_78' title='bbox 1514 892 1747 935; x_wconf 85' lang='lat' dir='ltr'>procumben-</span> 
     </span>
     <span class='ocr_line' id='line_1_12' title="bbox 367 942 1747 994; baseline -0.004 -11"><span class='ocrx_word' id='word_1_79' title='bbox 367 952 468 990; x_wconf 82' lang='lat' dir='ltr'>tibus,</span> <span class='ocrx_word' id='word_1_80' title='bbox 497 953 587 983; x_wconf 81' lang='lat' dir='ltr'>foliis</span> <span class='ocrx_word' id='word_1_81' title='bbox 615 942 858 984; x_wconf 73' lang='lat' dir='ltr'>vetustioribus</span> <span class='ocrx_word' id='word_1_82' title='bbox 886 952 1028 991; x_wconf 82' lang='lat' dir='ltr'>obtusis,</span> <span class='ocrx_word' id='word_1_83' title='bbox 1056 951 1305 994; x_wconf 82' lang='lat' dir='ltr'>aniphigastriis</span> <span class='ocrx_word' id='word_1_84' title='bbox 1334 952 1521 983; x_wconf 82' lang='lat' dir='ltr'>imbricatis</span> <span class='ocrx_word' id='word_1_85' title='bbox 1555 950 1624 981; x_wconf 83' lang='lat' dir='ltr'>sere</span> <span class='ocrx_word' id='word_1_86' title='bbox 1653 949 1747 979; x_wconf 83' lang='lat' dir='ltr'>orbi—</span> 
     </span>
     <span class='ocr_line' id='line_1_13' title="bbox 370 1011 995 1053; baseline 0 -11"><span class='ocrx_word' id='word_1_87' title='bbox 370 1011 489 1042; x_wconf 83' lang='lat' dir='ltr'>culatis</span> <span class='ocrx_word' id='word_1_88' title='bbox 518 1012 639 1042; x_wconf 86' lang='lat' dir='ltr'>retusis</span> <span class='ocrx_word' id='word_1_89' title='bbox 666 1012 799 1053; x_wconf 83' lang='lat' dir='ltr'>patulis.</span> <span class='ocrx_word' id='word_1_90' title='bbox 851 1011 995 1043; x_wconf 84' lang='lat' dir='ltr'>Sterilis.</span> 
     </span>
    </p>

    <p class='ocr_par' dir='ltr' id='par_1_6' title="bbox 308 1067 1749 1230">
     <span class='ocr_line' id='line_1_14' title="bbox 308 1067 1749 1112; baseline -0.003 -11"><span class='ocrx_word' id='word_1_91' title='bbox 308 1072 339 1109; x_wconf 75' lang='grc' dir='ltr'>β,</span> <span class='ocrx_word' id='word_1_92' title='bbox 367 1072 461 1101; x_wconf 78' lang='lat' dir='ltr'>caule</span> <span class='ocrx_word' id='word_1_93' title='bbox 490 1071 665 1112; x_wconf 76' lang='lat' dir='ltr'>ramisque</span> <span class='ocrx_word' id='word_1_94' title='bbox 693 1070 900 1102; x_wconf 86' lang='lat' dir='ltr'>dichotomis</span> <span class='ocrx_word' id='word_1_95' title='bbox 928 1070 1180 1112; x_wconf 60' lang='lat' dir='ltr'>subsasssgiasss,</span> <span class='ocrx_word' id='word_1_96' title='bbox 1209 1069 1258 1100; x_wconf 82' lang='lat' dir='ltr'>his</span> <span class='ocrx_word' id='word_1_97' title='bbox 1285 1068 1585 1106; x_wconf 80' lang='lat' dir='ltr'>adscendentibus,</span> <span class='ocrx_word' id='word_1_98' title='bbox 1614 1067 1749 1110; x_wconf 77' lang='lat' dir='ltr'>amplii—</span> 
     </span>
     <span class='ocr_line' id='line_1_15' title="bbox 367 1126 1748 1171; baseline -0.004 -11"><span class='ocrx_word' id='word_1_99' title='bbox 367 1130 498 1170; x_wconf 73' lang='lat' dir='ltr'>gastiiis</span> <span class='ocrx_word' id='word_1_100' title='bbox 525 1129 780 1160; x_wconf 83' lang='lat' dir='ltr'>subimbricatis</span> <span class='ocrx_word' id='word_1_101' title='bbox 817 1130 867 1160; x_wconf 76' lang='lat' dir='ltr'>vel</span> <span class='ocrx_word' id='word_1_102' title='bbox 905 1137 1034 1161; x_wconf 80' lang='lat' dir='ltr'>tantuin</span> <span class='ocrx_word' id='word_1_103' title='bbox 1063 1128 1310 1171; x_wconf 80' lang='lat' dir='ltr'>adproximatis</span> <span class='ocrx_word' id='word_1_104' title='bbox 1339 1126 1748 1169; x_wconf 66' lang='lat' dir='ltr'>orbiculato-quadratis</span> 
     </span>
     <span class='ocr_line' id='line_1_16' title="bbox 368 1188 1043 1230; baseline -0.001 -12"><span class='ocrx_word' id='word_1_105' title='bbox 368 1189 489 1220; x_wconf 69' lang='lat' dir='ltr'>retusis</span> <span class='ocrx_word' id='word_1_106' title='bbox 518 1188 630 1218; x_wconf 80' lang='lat' dir='ltr'>miuus</span> <span class='ocrx_word' id='word_1_107' title='bbox 658 1188 792 1230; x_wconf 82' lang='lat' dir='ltr'>patulis.</span> <span class='ocrx_word' id='word_1_108' title='bbox 842 1188 1043 1220; x_wconf 81' lang='lat' dir='ltr'>Fructiscra.</span> 
     </span>
    </p>

    <p class='ocr_par' dir='ltr' id='par_1_7' title="bbox 415 1244 1748 1350">
     <span class='ocr_line' id='line_1_17' title="bbox 415 1244 1748 1291; baseline -0.004 -13"><span class='ocrx_word' id='word_1_109' title='bbox 415 1247 642 1289; x_wconf 61' lang='lat' dir='ltr'>Ptjchantbus</span> <span class='ocrx_word' id='word_1_110' title='bbox 677 1255 811 1277; x_wconf 79' lang='lat' dir='ltr'>retusus</span> <span class='ocrx_word' id='word_1_111' title='bbox 853 1246 899 1280; x_wconf 79' lang='grc' dir='ltr'>Ν.</span> <span class='ocrx_word' id='word_1_112' title='bbox 927 1245 970 1279; x_wconf 81' lang='lat' dir='ltr'>ab</span> <span class='ocrx_word' id='word_1_113' title='bbox 1000 1245 1043 1279; x_wconf 83' lang='lat' dir='ltr'>E.</span> <span class='ocrx_word' id='word_1_114' title='bbox 1087 1245 1178 1291; x_wconf 70' lang='lat' dir='ltr'>Hel).</span> <span class='ocrx_word' id='word_1_115' title='bbox 1221 1245 1312 1278; x_wconf 79' lang='lat' dir='ltr'>Eur.</span> <span class='ocrx_word' id='word_1_116' title='bbox 1357 1244 1429 1278; x_wconf 84' lang='grc' dir='ltr'><strong>ΙΙΙ.</strong></span> <span class='ocrx_word' id='word_1_117' title='bbox 1464 1257 1498 1290; x_wconf 80' lang='lat' dir='ltr'>p.</span> <span class='ocrx_word' id='word_1_118' title='bbox 1532 1246 1615 1277; x_wconf 73' lang='lat'>212.</span> <span class='ocrx_word' id='word_1_119' title='bbox 1655 1255 1687 1275; x_wconf 77' lang='lat' dir='ltr'>u.</span> <span class='ocrx_word' id='word_1_120' title='bbox 1718 1247 1748 1274; x_wconf 70' lang='lat'>4.</span> 
     </span>
     <span class='ocr_line' id='line_1_18' title="bbox 504 1303 1097 1350; baseline 0 -13"><span class='ocrx_word' id='word_1_121' title='bbox 504 1303 667 1338; x_wconf 76' lang='lat' dir='ltr'>Gottsclte</span> <span class='ocrx_word' id='word_1_122' title='bbox 693 1304 789 1338; x_wconf 79' lang='lat' dir='ltr'>Icon.</span> <span class='ocrx_word' id='word_1_123' title='bbox 817 1305 950 1350; x_wconf 70' lang='lat' dir='ltr'>Helua.</span> <span class='ocrx_word' id='word_1_124' title='bbox 977 1305 1097 1338; x_wconf 73' lang='lat' dir='ltr'>inedit-</span> 
     </span>
    </p>

    <p class='ocr_par' dir='ltr' id='par_1_8' title="bbox 416 1361 1749 1527">
     <span class='ocr_line' id='line_1_19' title="bbox 416 1361 1749 1408; baseline -0.001 -13"><span class='ocrx_word' id='word_1_125' title='bbox 416 1365 684 1406; x_wconf 82' lang='lat' dir='ltr'>Jnngermaunia</span> <span class='ocrx_word' id='word_1_126' title='bbox 714 1374 825 1395; x_wconf 85' lang='lat' dir='ltr'>retusa</span> <span class='ocrx_word' id='word_1_127' title='bbox 855 1362 960 1397; x_wconf 49' lang='lat' dir='ltr'>alah</span> <span class='ocrx_word' id='word_1_128' title='bbox 976 1363 1023 1397; x_wconf 89' lang='lat' dir='ltr'>E.</span> <span class='ocrx_word' id='word_1_129' title='bbox 1053 1363 1102 1397; x_wconf 85' lang='lat' dir='ltr'>R.</span> <span class='ocrx_word' id='word_1_130' title='bbox 1129 1370 1160 1397; x_wconf 74' lang='lat' dir='ltr'>et</span> <span class='ocrx_word' id='word_1_131' title='bbox 1189 1363 1251 1397; x_wconf 89' lang='lat' dir='ltr'>Bl.</span> <span class='ocrx_word' id='word_1_132' title='bbox 1281 1363 1372 1408; x_wconf 82' lang='lat' dir='ltr'>Hep.</span> <span class='ocrx_word' id='word_1_133' title='bbox 1395 1363 1476 1397; x_wconf 73' lang='lat' dir='ltr'><em>Jav.</em></span> <span class='ocrx_word' id='word_1_134' title='bbox 1506 1363 1541 1395; x_wconf 73' lang='lat' dir='ltr'>in</span> <span class='ocrx_word' id='word_1_135' title='bbox 1562 1361 1649 1394; x_wconf 64' lang='lat' dir='ltr'>Nm».</span> <span class='ocrx_word' id='word_1_136' title='bbox 1668 1361 1749 1393; x_wconf 73' lang='lat' dir='ltr'>Aet.</span> 
     </span>
     <span class='ocr_line' id='line_1_20' title="bbox 503 1419 1749 1468; baseline -0.002 -13"><span class='ocrx_word' id='word_1_137' title='bbox 503 1422 617 1456; x_wconf 84' lang='lat' dir='ltr'>Acad.</span> <span class='ocrx_word' id='word_1_138' title='bbox 647 1422 733 1455; x_wconf 83' lang='lat' dir='ltr'>Nat.</span> <span class='ocrx_word' id='word_1_139' title='bbox 763 1422 849 1456; x_wconf 73' lang='lat' dir='ltr'>Cur.</span> <span class='ocrx_word' id='word_1_140' title='bbox 878 1423 973 1457; x_wconf 88' lang='lat' dir='ltr'><strong>XII.</strong></span> <span class='ocrx_word' id='word_1_141' title='bbox 1008 1426 1035 1456; x_wconf 91' lang='grc' dir='ltr'>Ι.</span> <span class='ocrx_word' id='word_1_142' title='bbox 1058 1427 1194 1468; x_wconf 78' lang='lat' dir='ltr'>p.·214.</span> <span class='ocrx_word' id='word_1_143' title='bbox 1222 1435 1255 1456; x_wconf 76' lang='lat' dir='ltr'>n.</span> <span class='ocrx_word' id='word_1_144' title='bbox 1280 1426 1326 1456; x_wconf 73' lang='lat'>⁴23</span> <span class='ocrx_word' id='word_1_145' title='bbox 1360 1422 1459 1465; x_wconf 69' lang='lat' dir='ltr'>(rar.</span> <span class='ocrx_word' id='word_1_146' title='bbox 1488 1422 1535 1466; x_wconf 74' lang='grc' dir='ltr'>β)</span> <span class='ocrx_word' id='word_1_147' title='bbox 1588 1421 1635 1454; x_wconf 69' lang='lat' dir='ltr'>N.</span> <span class='ocrx_word' id='word_1_148' title='bbox 1648 1419 1691 1453; x_wconf 77' lang='lat' dir='ltr'>ab</span> <span class='ocrx_word' id='word_1_149' title='bbox 1706 1420 1749 1453; x_wconf 85' lang='lat' dir='ltr'>E.</span> 
     </span>
     <span class='ocr_line' id='line_1_21' title="bbox 503 1481 1001 1527; baseline 0.004 -12"><span class='ocrx_word' id='word_1_150' title='bbox 503 1481 596 1527; x_wconf 80' lang='lat' dir='ltr'>Hep.</span> <span class='ocrx_word' id='word_1_151' title='bbox 623 1481 705 1516; x_wconf 81' lang='lat' dir='ltr'><em>Jav.</em></span> <span class='ocrx_word' id='word_1_152' title='bbox 727 1494 765 1527; x_wconf 79' lang='lat' dir='ltr'>p.</span> <span class='ocrx_word' id='word_1_153' title='bbox 792 1486 851 1517; x_wconf 89' lang='grc'>39.</span> <span class='ocrx_word' id='word_1_154' title='bbox 879 1495 914 1517; x_wconf 82' lang='lat' dir='ltr'>n.</span> <span class='ocrx_word' id='word_1_155' title='bbox 941 1486 1001 1517; x_wconf 82' lang='lat'>49.</span> 
     </span>
    </p>
   </div>
   <div class='ocr_carea' id='block_1_5' title="bbox 323 1551 1711 1596">
    <p class='ocr_par' dir='ltr' id='par_1_9' title="bbox 323 1551 1711 1596">
     <span class='ocr_line' id='line_1_22' title="bbox 323 1551 1711 1596; baseline 0 -11"><span class='ocrx_word' id='word_1_156' title='bbox 323 1551 483 1586; x_wconf 78' lang='lat' dir='ltr'>Habitat</span> <span class='ocrx_word' id='word_1_157' title='bbox 507 1552 603 1587; x_wconf 88' lang='lat' dir='ltr'>inter</span> <span class='ocrx_word' id='word_1_158' title='bbox 631 1563 779 1588; x_wconf 79' lang='lat' dir='ltr'>muscos</span> <span class='ocrx_word' id='word_1_159' title='bbox 806 1553 925 1588; x_wconf 85' lang='lat' dir='ltr'>Javae</span> <span class='ocrx_word' id='word_1_160' title='bbox 951 1554 1110 1595; x_wconf 85' lang='lat' dir='ltr'>insulae,</span> <span class='ocrx_word' id='word_1_161' title='bbox 1141 1553 1257 1587; x_wconf 81' lang='lat' dir='ltr'>rarior</span> <span class='ocrx_word' id='word_1_162' title='bbox 1283 1553 1437 1596; x_wconf 84' lang='lat' dir='ltr'>(Blume</span> <span class='ocrx_word' id='word_1_163' title='bbox 1463 1552 1499 1586; x_wconf 87' lang='lat' dir='ltr'>in</span> <span class='ocrx_word' id='word_1_164' title='bbox 1528 1552 1603 1586; x_wconf 90' lang='lat' dir='ltr'>Hb.</span> <span class='ocrx_word' id='word_1_165' title='bbox 1633 1551 1711 1596; x_wconf 89' lang='lat' dir='ltr'><strong>N.).</strong></span> 
     </span>
    </p>
   </div>
   <div class='ocr_carea' id='block_1_6' title="bbox 219 1623 1751 2377">
    <p class='ocr_par' dir='ltr' id='par_1_10' title="bbox 219 1623 1751 2255">
     <span class='ocr_line' id='line_1_23' title="bbox 321 1623 1749 1671; baseline -0.001 -14"><span class='ocrx_word' id='word_1_166' title='bbox 321 1623 427 1657; x_wconf 83' lang='lat' dir='ltr'>Obs.</span> <span class='ocrx_word' id='word_1_167' title='bbox 479 1623 627 1657; x_wconf 78' lang='lat' dir='ltr'>Habitu</span> <span class='ocrx_word' id='word_1_168' title='bbox 656 1624 703 1657; x_wconf 85' lang='lat' dir='ltr'>ad</span> <span class='ocrx_word' id='word_1_169' title='bbox 723 1624 1009 1670; x_wconf 76' lang='lat' dir='ltr'>Thysananthum</span> <span class='ocrx_word' id='word_1_170' title='bbox 1034 1624 1316 1671; x_wconf 75' lang='lat' dir='ltr'>spatlzulistz&#39;pum</span> <span class='ocrx_word' id='word_1_171' title='bbox 1345 1623 1501 1663; x_wconf 84' lang='lat' dir='ltr'>accedit,</span> <span class='ocrx_word' id='word_1_172' title='bbox 1529 1623 1594 1657; x_wconf 91' lang='lat' dir='ltr'>sed</span> <span class='ocrx_word' id='word_1_173' title='bbox 1616 1623 1749 1659; x_wconf 75' lang='lat' dir='ltr'>differt,</span> 
     </span>
     <span class='ocr_line' id='line_1_24' title="bbox 225 1682 1751 1728; baseline 0.001 -13"><span class='ocrx_word' id='word_1_174' title='bbox 225 1687 374 1725; x_wconf 82' lang='lat' dir='ltr'>praeter</span> <span class='ocrx_word' id='word_1_175' title='bbox 399 1682 635 1717; x_wconf 84' lang='lat' dir='ltr'><strong>characteres</strong></span> <span class='ocrx_word' id='word_1_176' title='bbox 661 1683 879 1726; x_wconf 87' lang='lat' dir='ltr'>genericos,</span> <span class='ocrx_word' id='word_1_177' title='bbox 914 1683 1066 1718; x_wconf 80' lang='lat' dir='ltr'>moilitie</span> <span class='ocrx_word' id='word_1_178' title='bbox 1099 1683 1284 1728; x_wconf 84' lang='lat' dir='ltr'>quadam,</span> <span class='ocrx_word' id='word_1_179' title='bbox 1321 1683 1416 1717; x_wconf 80' lang='lat' dir='ltr'>foliis</span> <span class='ocrx_word' id='word_1_180' title='bbox 1449 1682 1571 1726; x_wconf 80' lang='lat' dir='ltr'>planis</span> <span class='ocrx_word' id='word_1_181' title='bbox 1606 1693 1751 1726; x_wconf 85' lang='lat' dir='ltr'><strong>semper</strong></span> 
     </span>
     <span class='ocr_line' id='line_1_25' title="bbox 226 1741 1750 1786; baseline 0 -12"><span class='ocrx_word' id='word_1_182' title='bbox 226 1741 473 1785; x_wconf 81' lang='lat' dir='ltr'>integerrimis</span> <span class='ocrx_word' id='word_1_183' title='bbox 494 1746 532 1775; x_wconf 92' lang='lat' dir='ltr'>et</span> <span class='ocrx_word' id='word_1_184' title='bbox 555 1741 834 1785; x_wconf 81' lang='lat' dir='ltr'>amphigastriis</span> <span class='ocrx_word' id='word_1_185' title='bbox 861 1742 1116 1777; x_wconf 86' lang='lat' dir='ltr'>subrotundis.</span> <span class='ocrx_word' id='word_1_186' title='bbox 1170 1741 1384 1776; x_wconf 65' lang='lat' dir='ltr'>Pet-ianthia</span> <span class='ocrx_word' id='word_1_187' title='bbox 1411 1742 1447 1775; x_wconf 89' lang='lat' dir='ltr'>in</span> <span class='ocrx_word' id='word_1_188' title='bbox 1476 1742 1581 1786; x_wconf 83' lang='lat' dir='ltr'>apice</span> <span class='ocrx_word' id='word_1_189' title='bbox 1608 1742 1750 1776; x_wconf 80' lang='lat' dir='ltr'>furcato</span> 
     </span>
     <span class='ocr_line' id='line_1_26' title="bbox 226 1799 1750 1845; baseline 0.003 -13"><span class='ocrx_word' id='word_1_190' title='bbox 226 1799 345 1833; x_wconf 83' lang='lat' dir='ltr'>caulis</span> <span class='ocrx_word' id='word_1_191' title='bbox 372 1810 487 1844; x_wconf 83' lang='lat' dir='ltr'>saepe</span> <span class='ocrx_word' id='word_1_192' title='bbox 515 1801 798 1845; x_wconf 77' lang='lat' dir='ltr'>adproximata‚</span> <span class='ocrx_word' id='word_1_193' title='bbox 842 1802 889 1836; x_wconf 86' lang='lat' dir='ltr'>ad</span> <span class='ocrx_word' id='word_1_194' title='bbox 916 1803 1015 1837; x_wconf 82' lang='lat' dir='ltr'>latus</span> <span class='ocrx_word' id='word_1_195' title='bbox 1042 1803 1228 1837; x_wconf 86' lang='lat' dir='ltr'>internum</span> <span class='ocrx_word' id='word_1_196' title='bbox 1253 1801 1448 1845; x_wconf 83' lang='lat' dir='ltr'>utriusque</span> <span class='ocrx_word' id='word_1_197' title='bbox 1477 1801 1568 1834; x_wconf 84' lang='lat' dir='ltr'>rami</span> <span class='ocrx_word' id='word_1_198' title='bbox 1595 1801 1750 1837; x_wconf 75' lang='lat' dir='ltr'>sessilia,</span> 
     </span>
     <span class='ocr_line' id='line_1_27' title="bbox 225 1857 1749 1906; baseline 0.001 -15"><span class='ocrx_word' id='word_1_199' title='bbox 225 1857 367 1900; x_wconf 82' lang='lat' dir='ltr'>origine</span> <span class='ocrx_word' id='word_1_200' title='bbox 411 1859 458 1892; x_wconf 82' lang='lat' dir='ltr'>ab</span> <span class='ocrx_word' id='word_1_201' title='bbox 500 1860 768 1903; x_wconf 78' lang='lat' dir='ltr'>amphigastrio</span> <span class='ocrx_word' id='word_1_202' title='bbox 806 1866 903 1895; x_wconf 84' lang='lat' dir='ltr'>tecta</span> <span class='ocrx_word' id='word_1_203' title='bbox 951 1863 1046 1906; x_wconf 85' lang='lat' dir='ltr'>(qua</span> <span class='ocrx_word' id='word_1_204' title='bbox 1077 1866 1227 1905; x_wconf 89' lang='lat' dir='ltr'>propter</span> <span class='ocrx_word' id='word_1_205' title='bbox 1263 1860 1497 1894; x_wconf 82' lang='lat' dir='ltr'>fructificatio</span> <span class='ocrx_word' id='word_1_206' title='bbox 1529 1872 1576 1894; x_wconf 84' lang='lat' dir='ltr'>ex</span> <span class='ocrx_word' id='word_1_207' title='bbox 1614 1861 1749 1904; x_wconf 85' lang='lat' dir='ltr'>angulo</span> 
     </span>
     <span class='ocr_line' id='line_1_28' title="bbox 227 1916 1750 1962; baseline 0.003 -14"><span class='ocrx_word' id='word_1_208' title='bbox 227 1916 480 1959; x_wconf 80' lang='lat' dir='ltr'>amphigastrii</span> <span class='ocrx_word' id='word_1_209' title='bbox 508 1918 594 1951; x_wconf 90' lang='lat' dir='ltr'>oriri</span> <span class='ocrx_word' id='word_1_210' title='bbox 623 1918 803 1962; x_wconf 78' lang='lat' dir='ltr'>videtur),</span> <span class='ocrx_word' id='word_1_211' title='bbox 830 1920 1003 1962; x_wconf 77' lang='lat' dir='ltr'>oblonga,</span> <span class='ocrx_word' id='word_1_212' title='bbox 1032 1921 1177 1954; x_wconf 71' lang='lat' dir='ltr'>sulcata</span> <span class='ocrx_word' id='word_1_213' title='bbox 1205 1920 1332 1962; x_wconf 80' lang='lat' dir='ltr'>(sulcis</span> <span class='ocrx_word' id='word_1_214' title='bbox 1359 1923 1488 1960; x_wconf 83' lang='grc'>8-10,</span> <span class='ocrx_word' id='word_1_215' title='bbox 1515 1921 1629 1953; x_wconf 84' lang='lat' dir='ltr'>costis</span> <span class='ocrx_word' id='word_1_216' title='bbox 1657 1920 1750 1952; x_wconf 81' lang='lat' dir='ltr'>iate-</span> 
     </span>
     <span class='ocr_line' id='line_1_29' title="bbox 225 1975 1748 2023; baseline 0.001 -15"><span class='ocrx_word' id='word_1_217' title='bbox 225 1975 368 2008; x_wconf 72' lang='lat' dir='ltr'>talibus</span> <span class='ocrx_word' id='word_1_218' title='bbox 395 1979 431 2009; x_wconf 89' lang='lat' dir='ltr'>et</span> <span class='ocrx_word' id='word_1_219' title='bbox 458 1976 555 2010; x_wconf 90' lang='lat' dir='ltr'>binis</span> <span class='ocrx_word' id='word_1_220' title='bbox 584 1978 813 2011; x_wconf 79' lang='lat' dir='ltr'>ventralibus</span> <span class='ocrx_word' id='word_1_221' title='bbox 841 1979 953 2021; x_wconf 90' lang='lat' dir='ltr'>paulo</span> <span class='ocrx_word' id='word_1_222' title='bbox 979 1979 1309 2023; x_wconf 78' lang='lat' dir='ltr'>evidentioribus),</span> <span class='ocrx_word' id='word_1_223' title='bbox 1345 1984 1575 2017; x_wconf 78' lang='lat' dir='ltr'>mucronata,</span> <span class='ocrx_word' id='word_1_224' title='bbox 1601 1980 1748 2010; x_wconf 82' lang='lat' dir='ltr'>demum</span> 
     </span>
     <span class='ocr_line' id='line_1_30' title="bbox 226 2034 1748 2081; baseline 0.001 -14"><span class='ocrx_word' id='word_1_225' title='bbox 226 2034 332 2078; x_wconf 83' lang='lat' dir='ltr'>apice</span> <span class='ocrx_word' id='word_1_226' title='bbox 370 2035 753 2075; x_wconf 80' lang='lat' dir='ltr'>bi-tridenticulata,</span> <span class='ocrx_word' id='word_1_227' title='bbox 803 2038 944 2071; x_wconf 77' lang='lat' dir='ltr'>ratione</span> <span class='ocrx_word' id='word_1_228' title='bbox 983 2039 1136 2081; x_wconf 82' lang='lat' dir='ltr'>plantae</span> <span class='ocrx_word' id='word_1_229' title='bbox 1175 2047 1313 2081; x_wconf 57' lang='lat' dir='ltr'>paria,</span> <span class='ocrx_word' id='word_1_230' title='bbox 1362 2037 1748 2072; x_wconf 79' lang='lat' dir='ltr'>viridi-iutescentia.</span> 
     </span>
     <span class='ocr_line' id='line_1_31' title="bbox 226 2093 1748 2138; baseline 0.002 -12"><span class='ocrx_word' id='word_1_231' title='bbox 226 2093 331 2127; x_wconf 68' lang='lat' dir='ltr'>Folia,</span> <span class='ocrx_word' id='word_1_232' title='bbox 358 2093 584 2128; x_wconf 65' lang='lat' dir='ltr'>incolite-ralia</span> <span class='ocrx_word' id='word_1_233' title='bbox 612 2095 722 2135; x_wconf 86' lang='lat' dir='ltr'>bina,</span> <span class='ocrx_word' id='word_1_234' title='bbox 760 2096 919 2130; x_wconf 85' lang='lat' dir='ltr'>caulinis</span> <span class='ocrx_word' id='word_1_235' title='bbox 946 2097 1109 2135; x_wconf 80' lang='lat' dir='ltr'>minora,</span> <span class='ocrx_word' id='word_1_236' title='bbox 1146 2096 1271 2130; x_wconf 84' lang='lat' dir='ltr'>lobulo</span> <span class='ocrx_word' id='word_1_237' title='bbox 1298 2095 1458 2138; x_wconf 81' lang='lat' dir='ltr'>oblongo</span> <span class='ocrx_word' id='word_1_238' title='bbox 1486 2101 1607 2130; x_wconf 84' lang='lat' dir='ltr'>acuto.</span> <span class='ocrx_word' id='word_1_239' title='bbox 1660 2097 1748 2129; x_wconf 86' lang='lat' dir='ltr'>Am-</span> 
     </span>
     <span class='ocr_line' id='line_1_32' title="bbox 219 2152 1749 2199; baseline 0.003 -15"><span class='ocrx_word' id='word_1_240' title='bbox 219 2152 452 2197; x_wconf 74' lang='lat' dir='ltr'>phiyastrizmz</span> <span class='ocrx_word' id='word_1_241' title='bbox 489 2153 716 2188; x_wconf 86' lang='lat' dir='ltr'>involucrale</span> <span class='ocrx_word' id='word_1_242' title='bbox 761 2155 1137 2198; x_wconf 76' lang='lat' dir='ltr'>ovato-oblongum,</span> <span class='ocrx_word' id='word_1_243' title='bbox 1184 2154 1350 2197; x_wconf 85' lang='lat' dir='ltr'>margine</span> <span class='ocrx_word' id='word_1_244' title='bbox 1386 2165 1521 2199; x_wconf 86' lang='lat' dir='ltr'>supero</span> <span class='ocrx_word' id='word_1_245' title='bbox 1558 2156 1749 2189; x_wconf 74' lang='lat' dir='ltr'>crenuiato</span> 
     </span>
     <span class='ocr_line' id='line_1_33' title="bbox 227 2210 1406 2255; baseline 0.003 -12"><span class='ocrx_word' id='word_1_246' title='bbox 227 2210 281 2243; x_wconf 80' lang='lat' dir='ltr'>vel</span> <span class='ocrx_word' id='word_1_247' title='bbox 309 2210 553 2254; x_wconf 82' lang='lat' dir='ltr'>denticulato,</span> <span class='ocrx_word' id='word_1_248' title='bbox 582 2212 695 2248; x_wconf 89' lang='lat' dir='ltr'>immo</span> <span class='ocrx_word' id='word_1_249' title='bbox 723 2214 927 2255; x_wconf 79' lang='lat' dir='ltr'>bidemato,</span> <span class='ocrx_word' id='word_1_250' title='bbox 953 2215 984 2248; x_wconf 90' lang='lat' dir='ltr'>si</span> <span class='ocrx_word' id='word_1_251' title='bbox 1011 2214 1187 2248; x_wconf 82' lang='lat' dir='ltr'>excisura</span> <span class='ocrx_word' id='word_1_252' title='bbox 1214 2214 1331 2248; x_wconf 80' lang='lat' dir='ltr'>maior</span> <span class='ocrx_word' id='word_1_253' title='bbox 1357 2214 1406 2247; x_wconf 89' lang='lat' dir='ltr'>fit.</span> 
     </span>
    </p>

    <p class='ocr_par' dir='ltr' id='par_1_11' title="bbox 225 2270 1748 2377">
     <span class='ocr_line' id='line_1_34' title="bbox 321 2270 1745 2317; baseline 0.004 -14"><span class='ocrx_word' id='word_1_254' title='bbox 321 2270 487 2304; x_wconf 86' lang='lat' dir='ltr'>Adnot.</span> <span class='ocrx_word' id='word_1_255' title='bbox 542 2272 583 2305; x_wconf 84' lang='lat' dir='ltr'>In</span> <span class='ocrx_word' id='word_1_256' title='bbox 613 2272 680 2306; x_wconf 82' lang='lat' dir='ltr'>hac</span> <span class='ocrx_word' id='word_1_257' title='bbox 708 2273 832 2316; x_wconf 86' lang='lat' dir='ltr'>specie</span> <span class='ocrx_word' id='word_1_258' title='bbox 859 2273 972 2317; x_wconf 88' lang='lat' dir='ltr'>igitur</span> <span class='ocrx_word' id='word_1_259' title='bbox 997 2273 1180 2307; x_wconf 79' lang='lat' dir='ltr'>involucri</span> <span class='ocrx_word' id='word_1_260' title='bbox 1207 2273 1294 2307; x_wconf 78' lang='lat' dir='ltr'>foiia</span> <span class='ocrx_word' id='word_1_261' title='bbox 1320 2272 1440 2317; x_wconf 86' lang='lat' dir='ltr'>magis</span> <span class='ocrx_word' id='word_1_262' title='bbox 1466 2273 1577 2307; x_wconf 83' lang='lat' dir='ltr'>etiam</span> <span class='ocrx_word' id='word_1_263' title='bbox 1607 2285 1627 2309; x_wconf 85' lang='lat' dir='ltr'>a</span> <span class='ocrx_word' id='word_1_264' title='bbox 1655 2287 1745 2309; x_wconf 84' lang='lat' dir='ltr'>eau-</span> 
     </span>
     <span class='ocr_line' id='line_1_35' title="bbox 225 2328 1748 2377; baseline 0.005 -17"><span class='ocrx_word' id='word_1_265' title='bbox 225 2328 382 2362; x_wconf 86' lang='lat' dir='ltr'>linorum</span> <span class='ocrx_word' id='word_1_266' title='bbox 411 2329 527 2363; x_wconf 83' lang='lat' dir='ltr'>forma</span> <span class='ocrx_word' id='word_1_267' title='bbox 552 2332 753 2366; x_wconf 82' lang='lat' dir='ltr'>deflectunt</span> <span class='ocrx_word' id='word_1_268' title='bbox 779 2338 813 2366; x_wconf 92' lang='lat' dir='ltr'>et</span> <span class='ocrx_word' id='word_1_269' title='bbox 835 2342 972 2367; x_wconf 82' lang='lat' dir='ltr'>nexum</span> <span class='ocrx_word' id='word_1_270' title='bbox 991 2343 1075 2366; x_wconf 87' lang='lat' dir='ltr'>cum</span> <span class='ocrx_word' id='word_1_271' title='bbox 1090 2332 1373 2377; x_wconf 69' lang='lat' dir='ltr'>Phi-affluicomis</span> <span class='ocrx_word' id='word_1_272' title='bbox 1389 2332 1545 2376; x_wconf 82' lang='lat' dir='ltr'>prodere</span> <span class='ocrx_word' id='word_1_273' title='bbox 1565 2333 1748 2368; x_wconf 81' lang='lat' dir='ltr'>videntur.</span> 
     </span>
    </p>
   </div>
   <div class='ocr_carea' id='block_1_7' title="bbox 455 2434 1515 2494">
    <p class='ocr_par' dir='ltr' id='par_1_12' title="bbox 455 2434 1515 2494">
     <span class='ocr_line' id='line_1_36' title="bbox 455 2434 1515 2494; baseline 0.001 -19"><span class='ocrx_word' id='word_1_274' title='bbox 455 2434 709 2476; x_wconf 89' lang='lat' dir='ltr'><strong>XXXIV.</strong></span> <span class='ocrx_word' id='word_1_275' title='bbox 770 2435 1272 2494; x_wconf 82' lang='lat' dir='ltr'>Phragmieoma</span> <span class='ocrx_word' id='word_1_276' title='bbox 1316 2436 1515 2477; x_wconf 85' lang='lat' dir='ltr'>Dumort.</span> 
     </span>
    </p>
   </div>
   <div class='ocr_carea' id='block_1_8' title="bbox 217 2509 1745 2689">
    <p class='ocr_par' dir='ltr' id='par_1_13' title="bbox 217 2509 1745 2689">
     <span class='ocr_line' id='line_1_37' title="bbox 226 2509 1745 2566; baseline 0.008 -24"><span class='ocrx_word' id='word_1_277' title='bbox 226 2509 354 2544; x_wconf 78' lang='lat' dir='ltr'>Comm.</span> <span class='ocrx_word' id='word_1_278' title='bbox 383 2511 447 2546; x_wconf 84' lang='lat' dir='ltr'>bot.</span> <span class='ocrx_word' id='word_1_279' title='bbox 471 2527 508 2559; x_wconf 82' lang='lat' dir='ltr'>p.</span> <span class='ocrx_word' id='word_1_280' title='bbox 542 2518 592 2549; x_wconf 83' lang='lat'>12.</span> <span class='ocrx_word' id='word_1_281' title='bbox 620 2515 710 2561; x_wconf 79' lang='lat' dir='ltr'><em>Syll.</em></span> <span class='ocrx_word' id='word_1_282' title='bbox 737 2516 920 2560; x_wconf 72' lang='lat' dir='ltr'>szyerm.</span> <span class='ocrx_word' id='word_1_283' title='bbox 941 2530 980 2563; x_wconf 84' lang='lat' dir='ltr'>p.</span> <span class='ocrx_word' id='word_1_284' title='bbox 1000 2520 1059 2552; x_wconf 82' lang='lat'>35.</span> <span class='ocrx_word' id='word_1_285' title='bbox 1086 2530 1120 2551; x_wconf 76' lang='grc' dir='ltr'>η.</span> <span class='ocrx_word' id='word_1_286' title='bbox 1146 2520 1180 2550; x_wconf 90' lang='grc'>4.</span> <span class='ocrx_word' id='word_1_287' title='bbox 1207 2523 1232 2550; x_wconf 81' lang='lat' dir='ltr'>t.</span> <span class='ocrx_word' id='word_1_288' title='bbox 1262 2517 1348 2562; x_wconf 87' lang='lat' dir='ltr'>l.f.</span> <span class='ocrx_word' id='word_1_289' title='bbox 1376 2521 1410 2551; x_wconf 90' lang='lat'>4.</span> <span class='ocrx_word' id='word_1_290' title='bbox 1439 2517 1486 2550; x_wconf 93' lang='lat' dir='ltr'>N.</span> <span class='ocrx_word' id='word_1_291' title='bbox 1512 2517 1556 2551; x_wconf 85' lang='lat' dir='ltr'>ab</span> <span class='ocrx_word' id='word_1_292' title='bbox 1582 2519 1627 2552; x_wconf 86' lang='lat' dir='ltr'>E.</span> <span class='ocrx_word' id='word_1_293' title='bbox 1656 2520 1745 2566; x_wconf 80' lang='lat' dir='ltr'>Hep.</span> 
     </span>
     <span class='ocr_line' id='line_1_38' title="bbox 224 2568 1745 2622; baseline 0.007 -21"><span class='ocrx_word' id='word_1_294' title='bbox 224 2569 316 2603; x_wconf 75' lang='lat' dir='ltr'>Eur.</span> <span class='ocrx_word' id='word_1_295' title='bbox 345 2571 419 2605; x_wconf 86' lang='grc' dir='ltr'><strong>ΙΙΙ.</strong></span> <span class='ocrx_word' id='word_1_296' title='bbox 444 2584 479 2617; x_wconf 85' lang='lat' dir='ltr'>p.</span> <span class='ocrx_word' id='word_1_297' title='bbox 514 2577 591 2607; x_wconf 80' lang='lat'>142.</span> <span class='ocrx_word' id='word_1_298' title='bbox 618 2568 758 2609; x_wconf 78' lang='lat' dir='ltr'>et&#39;245.</span> <span class='ocrx_word' id='word_1_299' title='bbox 784 2587 819 2608; x_wconf 75' lang='grc' dir='ltr'>η.</span> <span class='ocrx_word' id='word_1_300' title='bbox 847 2579 881 2610; x_wconf 81' lang='grc'>4.</span> <span class='ocrx_word' id='word_1_301' title='bbox 935 2576 1005 2610; x_wconf 86' lang='lat' dir='ltr'>IV.</span> <span class='ocrx_word' id='word_1_302' title='bbox 1031 2588 1066 2622; x_wconf 84' lang='lat' dir='ltr'>p.</span> <span class='ocrx_word' id='word_1_303' title='bbox 1093 2575 1250 2609; x_wconf 87' lang='lat' dir='ltr'><strong>XXVI.</strong></span> <span class='ocrx_word' id='word_1_304' title='bbox 1275 2587 1310 2609; x_wconf 82' lang='lat' dir='ltr'>n.</span> <span class='ocrx_word' id='word_1_305' title='bbox 1336 2579 1395 2610; x_wconf 81' lang='lat'>24.</span> <span class='ocrx_word' id='word_1_306' title='bbox 1444 2575 1634 2610; x_wconf 78' lang='lat' dir='ltr'>Endlicher</span> <span class='ocrx_word' id='word_1_307' title='bbox 1661 2578 1745 2612; x_wconf 76' lang='lat' dir='ltr'>Gen.</span> 
     </span>
     <span class='ocr_line' id='line_1_39' title="bbox 217 2631 1721 2689; baseline 0.007 -28"><span class='ocrx_word' id='word_1_308' title='bbox 217 2640 257 2672; x_wconf 59' lang='grc' dir='ltr'>μ.</span> <span class='ocrx_word' id='word_1_309' title='bbox 290 2632 390 2663; x_wconf 79' lang='lat'>1340.</span> <span class='ocrx_word' id='word_1_310' title='bbox 418 2644 451 2664; x_wconf 76' lang='lat' dir='ltr'>n.</span> <span class='ocrx_word' id='word_1_311' title='bbox 479 2631 602 2676; x_wconf 70' lang='lat' dir='ltr'><strong>472J9.</strong></span> <span class='ocrx_word' id='word_1_312' title='bbox 656 2634 885 2669; x_wconf 86' lang='lat' dir='ltr'>Candolleae</span> <span class='ocrx_word' id='word_1_313' title='bbox 912 2646 1035 2679; x_wconf 87' lang='lat' dir='ltr'>speec.</span> <span class='ocrx_word' id='word_1_314' title='bbox 1065 2634 1196 2669; x_wconf 73' lang='lat' dir='ltr'>Raddi.</span> <span class='ocrx_word' id='word_1_315' title='bbox 1246 2633 1438 2677; x_wconf 83' lang='lat' dir='ltr'>Jungerm.</span> <span class='ocrx_word' id='word_1_316' title='bbox 1466 2645 1721 2689; x_wconf 39' lang='lat' dir='ltr'>specc3auctt.</span> 
     </span>
    </p>
   </div>
   <div class='ocr_carea' id='block_1_9' title="bbox 224 2698 1747 2985">
    <p class='ocr_par' dir='ltr' id='par_1_14' title="bbox 224 2698 1747 2985">
     <span class='ocr_line' id='line_1_40' title="bbox 320 2698 1747 2744; baseline 0.006 -12"><span class='ocrx_word' id='word_1_317' title='bbox 320 2698 547 2744; x_wconf 77' lang='lat' dir='ltr'>Monogyna.</span> <span class='ocrx_word' id='word_1_318' title='bbox 605 2704 858 2739; x_wconf 84' lang='lat' dir='ltr'>Fructificatio</span> <span class='ocrx_word' id='word_1_319' title='bbox 894 2706 1054 2739; x_wconf 84' lang='lat' dir='ltr'>feminea</span> <span class='ocrx_word' id='word_1_320' title='bbox 1080 2705 1117 2738; x_wconf 90' lang='lat' dir='ltr'>in</span> <span class='ocrx_word' id='word_1_321' title='bbox 1153 2704 1296 2738; x_wconf 87' lang='lat' dir='ltr'>ramulo</span> <span class='ocrx_word' id='word_1_322' title='bbox 1322 2704 1541 2739; x_wconf 85' lang='lat' dir='ltr'>brevissimo</span> <span class='ocrx_word' id='word_1_323' title='bbox 1582 2707 1747 2741; x_wconf 84' lang='lat' dir='ltr'>lateralis</span> 
     </span>
     <span class='ocr_line' id='line_1_41' title="bbox 225 2757 1746 2806; baseline 0.004 -14"><span class='ocrx_word' id='word_1_324' title='bbox 225 2759 279 2792; x_wconf 71' lang='lat' dir='ltr'>vel</span> <span class='ocrx_word' id='word_1_325' title='bbox 309 2760 354 2793; x_wconf 85' lang='lat' dir='ltr'>ad</span> <span class='ocrx_word' id='word_1_326' title='bbox 383 2762 543 2804; x_wconf 86' lang='lat' dir='ltr'>speciem</span> <span class='ocrx_word' id='word_1_327' title='bbox 579 2774 626 2796; x_wconf 72' lang='lat' dir='ltr'>ex</span> <span class='ocrx_word' id='word_1_328' title='bbox 654 2765 903 2805; x_wconf 80' lang='lat' dir='ltr'>dichotomia,</span> <span class='ocrx_word' id='word_1_329' title='bbox 935 2766 971 2798; x_wconf 89' lang='lat' dir='ltr'>in</span> <span class='ocrx_word' id='word_1_330' title='bbox 1007 2774 1084 2798; x_wconf 85' lang='lat' dir='ltr'>una</span> <span class='ocrx_word' id='word_1_331' title='bbox 1119 2757 1244 2806; x_wconf 84' lang='lat' dir='ltr'>&#39;speeie</span> <span class='ocrx_word' id='word_1_332' title='bbox 1278 2775 1406 2798; x_wconf 86' lang='lat' dir='ltr'>revera</span> <span class='ocrx_word' id='word_1_333' title='bbox 1442 2775 1490 2798; x_wconf 84' lang='lat' dir='ltr'>ex</span> <span class='ocrx_word' id='word_1_334' title='bbox 1523 2764 1746 2799; x_wconf 80' lang='lat' dir='ltr'>dichotomia</span> 
     </span>
     <span class='ocr_line' id='line_1_42' title="bbox 225 2820 1742 2867; baseline 0.005 -16"><span class='ocrx_word' id='word_1_335' title='bbox 225 2829 396 2853; x_wconf 84' lang='lat' dir='ltr'>nascens.</span> <span class='ocrx_word' id='word_1_336' title='bbox 448 2820 703 2856; x_wconf 86' lang='lat' dir='ltr'>Perianthium</span> <span class='ocrx_word' id='word_1_337' title='bbox 732 2824 788 2856; x_wconf 82' lang='lat' dir='ltr'>vel</span> <span class='ocrx_word' id='word_1_338' title='bbox 817 2822 1190 2867; x_wconf 80' lang='lat' dir='ltr'>depresso-planum</span> <span class='ocrx_word' id='word_1_339' title='bbox 1219 2828 1255 2857; x_wconf 87' lang='lat' dir='ltr'>et</span> <span class='ocrx_word' id='word_1_340' title='bbox 1282 2824 1523 2863; x_wconf 76' lang='lat' dir='ltr'>bilabiatum,</span> <span class='ocrx_word' id='word_1_341' title='bbox 1557 2826 1614 2859; x_wconf 91' lang='lat' dir='ltr'>vel</span> <span class='ocrx_word' id='word_1_342' title='bbox 1641 2835 1742 2859; x_wconf 90' lang='lat' dir='ltr'>com-</span> 
     </span>
     <span class='ocr_line' id='line_1_43' title="bbox 224 2880 1743 2923; baseline 0.005 -14"><span class='ocrx_word' id='word_1_343' title='bbox 224 2880 451 2920; x_wconf 70' lang='lat' dir='ltr'>messulam,</span> <span class='ocrx_word' id='word_1_344' title='bbox 491 2886 578 2914; x_wconf 84' lang='lat' dir='ltr'>tunc</span> <span class='ocrx_word' id='word_1_345' title='bbox 617 2893 704 2915; x_wconf 87' lang='lat' dir='ltr'>vero</span> <span class='ocrx_word' id='word_1_346' title='bbox 731 2882 840 2916; x_wconf 80' lang='lat' dir='ltr'>dorso</span> <span class='ocrx_word' id='word_1_347' title='bbox 875 2882 985 2920; x_wconf 85' lang='lat' dir='ltr'>uni-‚</span> <span class='ocrx_word' id='word_1_348' title='bbox 1037 2887 1162 2916; x_wconf 81' lang='lat' dir='ltr'>ventre</span> <span class='ocrx_word' id='word_1_349' title='bbox 1191 2882 1459 2923; x_wconf 84' lang='lat' dir='ltr'>biearinatum,</span> <span class='ocrx_word' id='word_1_350' title='bbox 1498 2893 1561 2917; x_wconf 91' lang='lat' dir='ltr'>ore</span> <span class='ocrx_word' id='word_1_351' title='bbox 1600 2883 1743 2918; x_wconf 84' lang='lat' dir='ltr'>trilobo.</span> 
     </span>
     <span class='ocr_line' id='line_1_44' title="bbox 224 2935 1744 2985; baseline 0.005 -17"><span class='ocrx_word' id='word_1_352' title='bbox 224 2935 389 2979; x_wconf 73' lang='lat' dir='ltr'>capsula</span> <span class='ocrx_word' id='word_1_353' title='bbox 430 2940 541 2982; x_wconf 74' lang='lat' dir='ltr'>paulo</span> <span class='ocrx_word' id='word_1_354' title='bbox 582 2941 678 2974; x_wconf 82' lang='lat' dir='ltr'>ultra</span> <span class='ocrx_word' id='word_1_355' title='bbox 718 2941 879 2975; x_wconf 89' lang='lat' dir='ltr'>medium</span> <span class='ocrx_word' id='word_1_356' title='bbox 922 2940 1198 2984; x_wconf 63' lang='lat' dir='ltr'>qmdrivalvis,</span> <span class='ocrx_word' id='word_1_357' title='bbox 1242 2943 1545 2985; x_wconf 79' lang='lat' dir='ltr'>membranacea,</span> <span class='ocrx_word' id='word_1_358' title='bbox 1594 2942 1744 2985; x_wconf 78' lang='lat' dir='ltr'>pallida,</span> 
     </span>
    </p>
   </div>
  </div>
 </body>
</html>
