1824 3252
146 193 219 224 536
788 190 1036 225 Marcbantia.

147 304 464 348 hemisphaerica,
500 303 716 337 excentrica
744 314 864 348 neque
890 315 978 338 vero
1011 302 1228 344 dimidiata,
1267 304 1396 338 leviter
1421 304 1674 350 quinqucloba

146 363 242 398 lobis
265 363 349 407 plus
371 362 492 396 minus
516 361 768 403 evidentibus,
794 362 876 407 pori
903 362 1045 397 frondis
1071 366 1108 396 et
1127 363 1350 406 receptaculi
1378 363 1526 398 feminei
1548 366 1675 409 ampli,

146 422 382 465 receptacula
410 421 576 455 mascula
603 422 775 465 speciosa
803 421 1002 457 dimidiata
1028 421 1221 466 palmatim
1249 425 1271 456 4
1296 442 1312 448 -
1338 426 1362 456 5
1387 444 1402 449 -
1429 424 1502 458 fida
1528 425 1674 459 laciniis

146 480 427 523 divergentibus
461 473 890 523 oblongo-lanceolatis
926 481 1072 517 obtusis
1106 480 1269 525 speciem
1306 482 1401 515 hanc
1436 482 1505 516 rite
1539 483 1676 517 distin-

145 544 276 581 guunt.
330 539 402 579 Qui
443 539 616 574 femineis
655 541 907 584 receptaculis
954 540 1079 575 radios
1125 544 1297 575 exsertos
1337 540 1527 581 tribuunt,
1574 555 1608 577 v.
1642 555 1674 577 c.

145 599 370 640 swartzius‚
411 599 557 633 alienae
592 600 730 643 speciei
765 600 963 634 femineam
1001 600 1168 644 plantam
1203 610 1287 633 cum
1323 599 1529 633 masculina
1568 610 1676 634 verae

146 657 393 692 Mat-elzcmtiae
417 658 633 704 clzenopodae
658 664 907 694 commutasse
933 659 1126 700 videntur,
1161 659 1261 704 quod
1295 663 1332 693 et
1357 670 1400 694 eo
1427 660 1676 701 confirmatur,

145 716 242 759 quod
272 716 451 758 „frondes
479 718 660 753 femineas
686 719 827 763 pluries
854 719 1016 754 maiores
1043 719 1244 753 masculis⁶⁶
1271 718 1442 763 perhibet
1458 719 1676 754 Swartzius.

412 803 471 835 24.
522 801 869 837 Man-channa
895 802 1131 836 viridala
1156 801 1198 834 L.
1226 806 1263 834 et
1290 800 1410 844 Ldbg.

242 856 298 890 M.
325 860 536 905 receptaculo
550 860 708 906 femineo
733 860 777 895 ab
803 862 904 895 initio
930 860 1196 907 hemisphaerica
1228 861 1306 894 dein
1331 860 1513 906 explanato
1538 862 1675 896 umbili—

143 921 217 947 cato
237 915 533 960 plicato-radiato
558 921 716 965 ἠιανῃὶηε
746 918 1000 956 13τ17-ἶοόο
1035 919 1118 954 labis
1144 918 1298 953 brevibus
1322 920 1675 964 emcnyinato-trun—

143 974 249 1014 catis,
291 977 478 1012 involucris
504 981 663 1024 mctryine
687 979 1120 1014 erenulato-dencz’culati's
1144 976 1398 1024 2-3-floris‚
1422 979 1556 1024 fronde
1587 981 1675 1014 lato-

145 1032 273 1067 linem-i
299 1037 488 1072 (Ie‘elwtoma
514 1039 633 1073 subcus
658 1040 706 1074 ad
729 1046 856 1073 costam
881 1045 1074 1085 squamata,
1094 1037 1289 1084 pecluneulo
1300 1037 1494 1081 ιΙίΙυ-ἱΙΙοεο.

337 1098 547 1131 Marchautia
576 1100 721 1131 viridula
750 1099 794 1132 L.
820 1106 851 1133 et
879 1099 943 1143 Ly.
972 1100 1008 1132 in
1036 1098 1155 1132 Lelmz.
1184 1097 1280 1141 Puy.
1305 1097 1354 1142 pl.
1383 1098 1451 1131 lV.
1473 1111 1510 1144 p.
1538 1103 1596 1134 33.

341 1158 531 1189 Grimaldia
561 1159 762 1190 Delessertii
789 1158 907 1192 Movet.
935 1157 972 1191 in
1000 1157 1113 1192 Her-b.
1143 1158 1188 1192 L.
1216 1157 1361 1203 (olim).

241 1215 401 1250 Habitat
436 1216 475 1250 in
511 1216 640 1251 Insula
678 1216 847 1251 Mauritii
884 1222 921 1251 et
960 1217 1136 1252 Bourbon
1173 1216 1271 1261 (Hb.
1300 1216 1364 1258 L.;
1414 1217 1605 1253 Delessert
1640 1220 1676 1253 in

145 1272 221 1307 Hb.
253 1274 304 1309 M.
334 1287 368 1309 n.
388 1277 487 1321 223).
1670 1280 1675 1290 ¹

239 1334 356 1369 Frons
386 1338 426 1378 1}
456 1357 472 1363 -
501 1339 525 1370 2
550 1336 642 1388 poll.
670 1337 802 1381 longa,
829 1341 852 1373 3
881 1359 896 1364 -
926 1343 949 1373 4
978 1338 1039 1373 lin.
1070 1338 1164 1378 lata,
1192 1325 1355 1376 linearis,
1384 1336 1550 1379 margine
1577 1337 1673 1371 inte-

144 1393 303 1433 gerrimo
330 1400 395 1430 aut
419 1397 648 1431 subcrenato
682 1396 807 1438 tenui,
847 1396 959 1430 bifida
996 1396 1142 1431 laciniis
1179 1395 1336 1430 alternis
1369 1395 1604 1430 brevioribus
1637 1403 1677 1431 ut

144 1452 179 1484 in
210 1453 437 1489 Mar—chamin
458 1455 707 1502 polymorpha,
744 1467 858 1500 supra
894 1456 1022 1491 viridis
1048 1467 1205 1500 porosa,
1242 1455 1375 1489 subtus
1408 1454 1444 1489 in
1473 1460 1578 1489 costa
1612 1462 1677 1490 aut

144 1515 220 1544 tota
248 1513 384 1556 pagina
413 1514 547 1549 fusco-
565 1514 789 1558 sanguinea.
841 1515 1032 1560 Squamae
1058 1515 1219 1550 costales
1246 1514 1501 1554 lanceolatae‚
1530 1514 1673 1558 apicem

144 1580 271 1605 versus
299 1574 502 1608 nonnullae
535 1574 686 1609 latiores
713 1579 750 1609 et
775 1580 932 1616 ovatae,
965 1585 1190 1619 purpureae.
1243 1572 1465 1608 pedunculus
1498 1584 1518 1606 e
1552 1574 1674 1609 sinulo

144 1628 263 1670 apicis
291 1631 459 1674 frondis,
487 1634 568 1668 basi
597 1634 742 1675 nudus,
784 1638 799 1668 l
832 1655 847 1661 -
883 1636 923 1677 l}
948 1635 1036 1679 poll.
1063 1634 1218 1677 longus,
1254 1632 1425 1676 gracilis,
1461 1643 1670 1677 purpureo-

143 1688 283 1724 suscus.
351 1693 619 1740 Receptaculum
663 1694 864 1728 femineum
900 1694 1166 1738 explanatum,
1215 1691 1334 1727 3‘lin.
1372 1693 1507 1733 latum,
1547 1698 1674 1728 centro

144 1758 281 1791 supero
307 1752 492 1794 profunde
529 1758 757 1787 excavatum
794 1752 977 1798 plicisque
1012 1753 1060 1787 ab
1094 1751 1262 1786 umbilici
1297 1751 1465 1795 margine
1500 1753 1674 1787 radiatim

144 1808 416 1860 prodeuntibus
455 1816 498 1846 13
517 1833 531 1839 -
554 1816 595 1847 17
622 1813 870 1856 instructum,
903 1823 1000 1856 quae
1035 1811 1206 1855 singulae
1239 1810 1277 1845 in
1304 1811 1470 1845 lobulum
1490 1812 1675 1864 ⁸marginis

144 1872 309 1903 retusum
344 1877 551 1905 excurrunt
590 1872 789 1917 radiosque
822 1871 979 1906 totidem
1016 1874 1212 1905 truncatos
1247 1870 1423 1914 produnt.
1488 1870 1675 1905 Involncra

143 1932 196 1959 tot
222 1933 313 1972 quot
339 1930 461 1973 plicae
488 1941 553 1964 scu
583 1931 691 1971 radii,
726 1931 903 1973 bivalvia,
932 1930 1101 1974 margine
1127 1931 1265 1971 lacera,
1293 1941 1315 1963 a
1341 1934 1490 1971 centro,
1518 1930 1673 1963 barbam

143 1986 328 2027 prolixam
356 1988 570 2030 emittente,
595 1989 777 2031 discreta,
803 1992 827 2023 2
855 2010 869 2015 -
899 1993 922 2023 3
951 2010 966 2015 -
995 1990 1100 2024 flora.
1152 1989 1363 2023 Pericmtltia
1398 1989 1673 2032 adproximata,

144 2044 389 2088 pcdicellata‚
424 2047 912 2091 oblongo-campanulata,
949 2051 971 2081 3
999 2068 1015 2074 -
1045 2050 1068 2082 4
1097 2067 1113 2074 -
1141 2048 1216 2081 fida
1242 2046 1389 2081 laciniis
1415 2048 1547 2083 ovatis.
1600 2049 1669 2083 Ga-

143 2102 257 2148 lgsptra
291 2106 465 2150 oblonga.
519 2106 707 2153 Capsulam
733 2107 936 2151 perfectam
965 2118 1037 2141 non
1066 2106 1163 2149 vidi,
1198 2107 1262 2140 sed
1298 2107 1440 2141 semina
1473 2107 1674 2143 immatura

142 2169 177 2196 et
205 2165 322 2199 multa
348 2165 422 2199 iam
458 2167 577 2200 effusa
612 2177 696 2200 cum
733 2166 937 2200 elateribus
968 2166 1163 2200 involucro
1200 2166 1360 2208 iniecta,
1397 2167 1603 2202 seminibus
1638 2175 1675 2203 et

142 2222 347 2258 (lateribus
382 2225 630 2260 Mra-channae
657 2225 1152 2272 polymorphae-simillimis.
1214 2225 1471 2269 Receptacula
1506 2228 1674 2261 mascula

143 2286 177 2313 ct
206 2282 366 2325 scyphos
392 2294 464 2319 non
492 2284 582 2318 vidi.
634 2285 802 2318 Textura
829 2285 969 2319 frondis
995 2285 1148 2320 omnino
1176 2285 1451 2319 Marchantiae.

237 2341 411 2377 Adnot.
466 2343 509 2377 In
537 2343 584 2377 cl.
614 2343 740 2378 Lehm.
770 2343 919 2387 Pugillo
946 2345 968 2379 l.
997 2356 1029 2378 c.
1065 2356 1132 2388 pro
1166 2345 1380 2389 pedunculo
1416 2346 1518 2381 nudo
1551 2347 1673 2390 legas:

143 2399 383 2442 7,pedunculo
409 2402 629 2438 fibrilloso.“
683 2402 939 2448 Receptacula
973 2414 1046 2439 non
1074 2403 1145 2439 nisi
1178 2403 1357 2439 iuvenilia
1382 2405 1675 2441 observaverunt

142 2460 201 2494 cll.
230 2461 269 2495 L,
299 2467 335 2494 et
364 2461 481 2506 Ldbg.

695 2548 831 2594 Species
857 2549 1005 2583 incertae
1028 2550 1128 2584 sedis.

349 2624 407 2656 25.
458 2619 806 2656 Man-chamna
831 2620 1194 2666 cartilaginea
1219 2621 1260 2654 L.
1290 2625 1327 2653 et
1357 2621 1474 2663 Ldbg.

240 2692 296 2726 DJ.
337 2691 550 2738 receptaculo
579 2691 736 2736 femineo
779 2690 965 2735 (iuniore)
997 2690 1247 2725 subeat-centrico
1284 2690 1418 2735 yloboso
1463 2691 1675 2736 maseuloque

139 2749 356 2793 plmzinseulo
384 2751 517 2797 pellata
549 2750 695 2794 inteyris
718 2749 836 2783 subtus
861 2749 956 2793 Ionye
974 2749 1117 2795 pilosis,
1152 2749 1335 2784 involueris
1369 2750 1524 2794 maryine
1550 2749 1672 2782 multi-

132 2808 237 2849 fidis,
253 2808 388 2853 fronde
411 2810 603 2844 rliclcotoma
629 2809 765 2843 laciniis
791 2806 991 2842 linearibus.

290 2869 503 2901 Mar-channa
527 2869 743 2910 cartilaginea
770 2865 814 2900 1,.
826 2873 856 2900 et
870 2867 937 2911 Ly.
954 2867 991 2899 in
1010 2867 1125 2901 Leltm.
1145 2867 1237 2912 Puy.
1258 2867 1306 2913 pl.
1327 2868 1394 2902 IV.
1412 2868 1551 2909 (1832.)
1566 2878 1603 2911 p.
1617 2868 1673 2899 31.

245 2926 406 2960 Habitat
434 2927 482 2961 in·
500 2927 627 2961 Insula
658 2927 711 2960 St.
742 2925 928 2960 Vincentii
957 2926 1048 2968 (Hb.
1076 2926 1147 2969 L.).
