1824 3252
202 169 266 201 166
836 164 1085 208 Lophocolea.

476 282 534 314 30.
586 279 918 323 Lophoeozea
945 277 1216 322 difformis
1254 278 1301 311 N.
1332 278 1378 311 ab
1410 278 1449 311 E.

297 352 339 386 L.
366 353 462 385 caule
488 357 583 384 arcte
608 356 749 396 repente
774 362 907 384 ramoso
922 350 1096 394 flexuoso,
1118 348 1228 394 foliis
1253 349 1731 393 ovato-subtrianyularibus

195 410 499 446 semiverticalibus
523 408 809 444 adscendentibus
829 409 976 455 pallidis
1001 410 1081 443 sinu
1106 407 1176 443 lato
1201 408 1405 443 semilunari
1437 409 1624 443 bidematis
1648 410 1730 442 den-

195 471 287 506 tibus
319 470 490 506 subillatis
524 470 637 503 acutis
662 468 849 509 obtusisve,
884 467 1146 514 amplziyastriis
1172 467 1289 502 liberis
1302 468 1399 513 folio
1423 468 1590 514 subrluplo
1615 469 1728 501 mino-

196 530 293 563 ribus
318 530 432 575 bifidis
457 528 595 563 laciniis
620 527 1013 563 subulam-acuminatis
1037 527 1296 572 clivevyentibus
1309 534 1503 561 extrorsum
1518 527 1733 561 um'zlentaeis

197 590 234 623 in
259 588 431 623 adultiori
455 588 551 622 caule
575 587 790 634 simplicibus
816 587 984 628 incurvis,
998 587 1133 632 fincta
1159 612 1167 621 ,
1198 612 1204 619 .
1234 612 1241 620 .

293 649 338 682 In
370 647 538 692 caespite
572 646 826 681 Marchanciae
852 646 1102 693 polymorphae
1127 644 1193 692 (?)
1220 657 1267 679 ex
1293 644 1507 690 Abyssinia,
1535 645 1624 689 (Un.
1652 645 1731 679 itin.

198 718 231 741 n.
258 707 344 749 499)
373 707 419 741 ad
447 711 596 741 terram.
1281 710 1288 717 ·

294 766 404 807 Quod
433 766 480 800 ad
508 766 676 800 habitum
706 765 877 809 proxime
911 764 1057 798 accedit
1085 764 1318 810 Lophoeoleae
1350 763 1627 811 laeete2·opleyllae‚
1668 766 1733 799 sed

197 824 319 859 differt
353 825 452 859 soliis
493 825 725 869 longioribus
762 824 949 869 plerisque
984 827 1094 858 acute
1129 828 1166 859 et
1193 824 1622 865 subulato-bidentatis‚
1660 835 1732 868 qua

197 889 285 919 nota
318 884 553 931 Lophocoleae
587 885 716 918 minori
750 888 787 918 et
820 890 977 918 croc-atae
1013 883 1179 927 accedit,
1219 883 1277 917 his
1314 889 1439 918 autem
1474 884 1601 918 caules
1634 883 1733 917 haud

196 944 443 980 fasciculatim
463 945 614 979 ramosi.
656 945 812 979 Statura
839 948 897 978 est
922 944 1086 985 gracilis,
1116 943 1368 989 Lophocoleam
1388 944 1558 977 minorem
1578 944 1733 986 fingens.

197 1004 309 1039 Color
342 1004 526 1049 pallidus,
563 1004 819 1038 subalbicans.
891 1003 1059 1038 Textura
1095 1004 1184 1037 laxa
1220 1006 1259 1036 at
1293 1002 1466 1046 rigiduia.
1526 1003 1734 1037 Radicuiae

196 1063 397 1108 pleraeque
425 1064 532 1108 apice
556 1063 745 1108 capitatae
773 1067 838 1097 aut
865 1063 1121 1097 subclavatae.
1174 1061 1457 1106 Amphigastria
1475 1062 1585 1096 vaide
1602 1062 1730 1096 diffor-

196 1123 290 1163 mia,
329 1124 404 1158 alia
438 1134 577 1166 magna
613 1122 758 1156 laciniis
794 1122 868 1156 late
911 1122 1193 1165 divergentibus
1232 1119 1445 1155 extrorsum
1479 1121 1591 1155 dente
1625 1121 1734 1164 longo

198 1181 403 1226 praeditis„
419 1183 492 1217 alia
509 1182 654 1217 minora
667 1182 743 1217 sere
760 1181 930 1226 aequiter
948 1181 1171 1226 quadrifida,
1200 1180 1274 1215 alia
1297 1181 1517 1224 praesertim
1546 1180 1733 1221 inferiora,

198 1242 310 1277 bifida
339 1242 484 1276 laciniis
511 1242 698 1276 subuiatis
725 1240 902 1275 incurvis.

450 1326 510 1358 31.
562 1323 895 1366 Lophocolea
921 1321 1259 1367 diversi-folia
1293 1321 1485 1356 Gottsche.

295 1395 340 1428 L.
375 1394 472 1428 caule
504 1405 639 1427 ramoso
674 1400 831 1439 repenle,
869 1393 975 1438 foliis
1006 1393 1159 1437 oblonyis
1194 1393 1394 1438 applamnis
1425 1393 1522 1438 apice
1553 1392 1736 1427 bidentatis

199 1456 248 1487 vel
273 1452 677 1499 tri-pluridenticulatis
702 1453 861 1497 maryine
887 1453 1040 1486 ventrali
1072 1464 1140 1486 uuo
1172 1452 1320 1486 alterove
1346 1453 1447 1485 dente
1470 1453 1629 1495 armatis,
1657 1462 1732 1486 am-

195 1513 402 1559 phiyastriis
443 1512 560 1547 liberis
597 1514 677 1547 sinu
717 1512 835 1547 obtuso
868 1512 981 1558 bfidis
1028 1512 1166 1546 laciniis
1207 1518 1239 1545 et
1279 1511 1497 1556 mmyinibus
1529 1511 1735 1546 lateralibus

198 1573 370 1613 dentatis,
394 1572 526 1617 srudu
552 1571 755 1613 terminali,
784 1572 987 1618 periantltio
1021 1578 1120 1606 ovato
1146 1570 1328 1616 (iuniori)
1363 1571 1500 1615 aizyulis
1533 1571 1588 1605 ala
1623 1571 1733 1611 nulla,

198 1644 256 1666 ore
281 1631 447 1666 laciniato
471 1632 625 1673 dentato,
642 1632 750 1677 foliis
777 1631 1046 1666 involucralibus
1071 1631 1261 1665 maioribus
1283 1643 1399 1674 ,ς’-0338
1424 1632 1587 1666 dentatis.

391 1692 615 1743 Lophocolea
643 1693 853 1725 diversisolia
884 1692 1048 1727 Gottsclle
1074 1692 1127 1726 Ic.
1156 1691 1251 1737 Hep-
1277 1691 1401 1724 incdit.

296 1763 338 1796 In
370 1762 629 1797 promontorio
658 1764 787 1797 Bonae
816 1763 905 1807 Spei
934 1764 1023 1807 legit
1051 1762 1206 1797 Eckion.

296 1822 421 1857 caules
447 1827 633 1867 repentes,
660 1823 910 1867 bipollicares,
938 1822 1064 1856 validi.
1116 1822 1222 1856 Folia
1249 1821 1462 1863 imbricata,
1491 1820 1733 1864 rigidiuscula

198 1881 610 1926 oblongo-quadrata,
638 1882 693 1915 vel
721 1882 1041 1924 ovato-oblonga;
1076 1883 1243 1925 margine
1271 1882 1426 1916 ventrali
1456 1882 1737 1916 rotundiuscuio

200 1951 275 1975 uno
302 1941 466 1975 alterove
492 1941 605 1976 dente
632 1945 789 1980 armato,
817 1942 985 1984 margine
1010 1941 1150 1975 dorsali
1175 1942 1417 1981 rectiuscu103
1447 1951 1546 1984 apex
1565 1940 1735 1974 foliorum

201 1999 310 2034 valde
336 1999 542 2040 variabilis,
569 1999 757 2037 invenitur
793 1999 1289 2042 emarginato-bidentatus‚
1318 2001 1375 2034 vel
1403 2000 1434 2034 si
1461 2000 1553 2034 dens
1578 2000 1736 2044 apioalis

199 2060 378 2103 marginis
404 2060 581 2094 ventralis
615 2060 733 2100 adest,
769 2059 1014 2098 amentatus,
1053 2059 1239 2094 interdum
1273 2060 1385 2094 etiam
1412 2058 1735 2104 quadridentatus.

203 2119 471 2166 Anzplziyastria
496 2119 777 2159 ovato-bifida,
819 2119 933 2153 latere
961 2119 1050 2152 uni·
1067 2120 1283 2160 tridentata,
1312 2120 1443 2163 libera,
1471 2119 1605 2153 subtus
1633 2119 1732 2153 radi-

201 2179 351 2214 cellosa.
380 2198 424 2204 —-
462 2179 624 2213 Fructus
651 2178 879 2218 terminalis,
913 2178 978 2211 sed
1013 2189 1096 2212 cum
1134 2179 1383 2223 perianthium
1420 2179 1624 2223 perfectum
1661 2189 1735 2212 non

201 2238 418 2279 viderimus,
446 2238 492 2273 de
519 2243 620 2273 statu
648 2238 784 2273 iuniori
813 2242 957 2272 tanturn
986 2238 1109 2272 dicere
1136 2250 1346 2282 possumus.
1417 2239 1539 2280 Quale
1566 2238 1736 2272 videmus

202 2298 238 2332 in
269 2297 483 2344 Lophocolea
510 2298 687 2332 bidentata
715 2302 813 2332 statu
843 2297 992 2338 iuniori,
1035 2308 1168 2342 nempe
1196 2298 1446 2342 perianthiurn
1473 2299 1584 2332 altius
1610 2300 1736 2333 fissum

204 2357 273 2390 hac
307 2357 344 2390 in
376 2358 506 2401 planta
542 2358 589 2391 ad
624 2357 731 2391 basin
771 2367 889 2401 usque
926 2357 1053 2390 fissum
1090 2357 1230 2401 pluries
1265 2357 1495 2398 invenimus;
1530 2357 1672 2392 scilicet
1706 2358 1734 2391 si

204 2415 316 2451 altius
351 2417 522 2461 adsurgit
546 2416 811 2462 progrediente
839 2421 961 2450 aetate
990 2417 1081 2451 haec
1111 2418 1242 2452 fissura
1279 2417 1437 2452 dorsalis
1469 2416 1590 2450 sinum
1624 2415 1731 2449 lobu-

204 2476 321 2509 lorum
349 2477 605 2511 constitueret.
657 2471 929 2522 Os'periantlzz'i
950 2476 1369 2518 laciniam-dentatum
1397 2476 1458 2510 ala
1479 2475 1582 2509 nulla
1599 2473 1635 2516 (ἲ
1657 2475 1733 2509 for-

203 2539 304 2569 tasse
332 2535 499 2570 nondum
525 2535 786 2580 conformata).
839 2535 945 2569 Folia
967 2536 1232 2581 per-iclmetialia
1254 2535 1407 2577 maiora,
1436 2534 1600 2574 sinuosa,
1628 2534 1735 2578 apice

203 2597 288 2628 3-4
324 2595 490 2630 dentata.
543 2594 850 2641 Amphiyastrium
880 2595 1136 2640 periclmetiale
1161 2595 1294 2638 maius,
1329 2595 1447 2629 forma
1481 2598 1517 2628 et
1547 2599 1736 2629 serratura

204 2653 388 2688 variabili.

425 2727 485 2759 32.
536 2726 869 2768 Daphne-olea
890 2724 1165 2772 fragrans
1193 2725 1288 2759 Mor.
1318 2725 1354 2758 e't
1380 2724 1427 2758 de
1454 2723 1543 2758 Not.

302 2795 346 2828 L.
370 2795 466 2829 caule
493 2795 712 2830 decumbente
744 2796 895 2840 flexuoso
922 2810 1055 2832 ramoso
1080 2803 1198 2832 ventre
1221 2797 1370 2842 sparsim
1396 2795 1609 2834 radiculoso,
1630 2794 1737 2839 foliis

206 2853 397 2889 imbricatis
431 2855 737 2890 semivertz'calibus
773 2857 931 2891 distichis
966 2856 1302 2892 ovato-orbiculatis
1328 2855 1468 2902 planis,
1510 2854 1738 2900 inferioribus

206 2912 322 2947 obtuse
348 2915 943 2960 emm-yimtto-bi-trz'denticulaeis
969 2918 1133 2952 retusisve
1159 2916 1476 2961 subinteyerrimis‚
1504 2912 1738 2961 superioribus
