<?xml version="1.0" encoding="UTF-8"?>
<!DOCTYPE html PUBLIC "-//W3C//DTD XHTML 1.0 Transitional//EN"
    "http://www.w3.org/TR/xhtml1/DTD/xhtml1-transitional.dtd">
<html xmlns="http://www.w3.org/1999/xhtml" xml:lang="en" lang="en">
 <head>
  <title>
</title>
<meta http-equiv="Content-Type" content="text/html;charset=utf-8" />
  <meta name='ocr-system' content='tesseract 3.04.00' />
  <meta name='ocr-capabilities' content='ocr_page ocr_carea ocr_par ocr_line ocrx_word'/>
</head>
<body>
  <div class='ocr_page' id='page_1' title='image "./synopsishepatica00gott_0343.png"; bbox 0 0 1824 3252; ppageno 0'>
   <div class='ocr_carea' id='block_1_1' title="bbox 776 166 1632 210">
    <p class='ocr_par' dir='ltr' id='par_1_1' title="bbox 776 166 1632 210">
     <span class='ocr_line' id='line_1_1' title="bbox 776 166 1632 210; baseline 0.004 -11"><span class='ocrx_word' id='word_1_1' title='bbox 776 166 887 210; x_wconf 76' lang='lat' dir='ltr'>Lejeu</span> <span class='ocrx_word' id='word_1_2' title='bbox 895 166 965 199; x_wconf 88' lang='lat' dir='ltr'>nia.</span> <span class='ocrx_word' id='word_1_3' title='bbox 1563 172 1632 202; x_wconf 76' lang='lat'>309</span> 
     </span>
    </p>
   </div>
   <div class='ocr_carea' id='block_1_2' title="bbox 114 278 1629 500">
    <p class='ocr_par' dir='ltr' id='par_1_2' title="bbox 114 278 1629 500">
     <span class='ocr_line' id='line_1_2' title="bbox 116 278 1629 324; baseline 0 -10"><span class='ocrx_word' id='word_1_4' title='bbox 116 291 250 323; x_wconf 82' lang='lat' dir='ltr'><strong>genere</strong></span> <span class='ocrx_word' id='word_1_5' title='bbox 281 279 458 324; x_wconf 79' lang='lat' dir='ltr'>Lcjeunia</span> <span class='ocrx_word' id='word_1_6' title='bbox 487 279 616 314; x_wconf 86' lang='lat' dir='ltr'>merito</span> <span class='ocrx_word' id='word_1_7' title='bbox 644 279 876 319; x_wconf 78' lang='lat' dir='ltr'>dubitamus,</span> <span class='ocrx_word' id='word_1_8' title='bbox 914 284 977 311; x_wconf 80' lang='lat' dir='ltr'>aut</span> <span class='ocrx_word' id='word_1_9' title='bbox 1011 289 1106 322; x_wconf 81' lang='lat' dir='ltr'>quae</span> <span class='ocrx_word' id='word_1_10' title='bbox 1141 278 1289 312; x_wconf 86' lang='lat' dir='ltr'>omnino</span> <span class='ocrx_word' id='word_1_11' title='bbox 1324 284 1410 312; x_wconf 89' lang='lat' dir='ltr'>suut</span> <span class='ocrx_word' id='word_1_12' title='bbox 1437 280 1629 315; x_wconf 86' lang='lat' dir='ltr'>obscurae.</span> 
     </span>
     <span class='ocr_line' id='line_1_3' title="bbox 116 338 1629 382; baseline 0.001 -10"><span class='ocrx_word' id='word_1_13' title='bbox 116 340 172 372; x_wconf 85' lang='lat' dir='ltr'>Ex</span> <span class='ocrx_word' id='word_1_14' title='bbox 200 339 292 379; x_wconf 87' lang='lat' dir='ltr'>illis,</span> <span class='ocrx_word' id='word_1_15' title='bbox 331 349 422 382; x_wconf 87' lang='lat' dir='ltr'>quas</span> <span class='ocrx_word' id='word_1_16' title='bbox 450 338 543 372; x_wconf 88' lang='lat' dir='ltr'>bene</span> <span class='ocrx_word' id='word_1_17' title='bbox 569 338 847 380; x_wconf 77' lang='lat' dir='ltr'>cognoscimus,</span> <span class='ocrx_word' id='word_1_18' title='bbox 887 338 1044 370; x_wconf 89' lang='lat' dir='ltr'>duarum</span> <span class='ocrx_word' id='word_1_19' title='bbox 1076 342 1218 370; x_wconf 84' lang='lat' dir='ltr'>tantum</span> <span class='ocrx_word' id='word_1_20' title='bbox 1254 348 1341 372; x_wconf 86' lang='lat' dir='ltr'>vera</span> <span class='ocrx_word' id='word_1_21' title='bbox 1373 339 1494 381; x_wconf 86' lang='lat' dir='ltr'>patria</span> <span class='ocrx_word' id='word_1_22' title='bbox 1528 340 1629 379; x_wconf 86' lang='lat' dir='ltr'>latet,</span> 
     </span>
     <span class='ocr_line' id='line_1_4' title="bbox 114 395 1629 440; baseline 0.001 -10"><span class='ocrx_word' id='word_1_23' title='bbox 114 399 178 431; x_wconf 88' lang='lat' dir='ltr'>sed</span> <span class='ocrx_word' id='word_1_24' title='bbox 206 409 286 431; x_wconf 89' lang='lat' dir='ltr'>eam</span> <span class='ocrx_word' id='word_1_25' title='bbox 327 404 448 431; x_wconf 86' lang='lat' dir='ltr'>tamen</span> <span class='ocrx_word' id='word_1_26' title='bbox 483 397 725 440; x_wconf 80' lang='lat' dir='ltr'>probabiliter</span> <span class='ocrx_word' id='word_1_27' title='bbox 755 396 963 430; x_wconf 73' lang='lat' dir='ltr'>Ameria-am</span> <span class='ocrx_word' id='word_1_28' title='bbox 992 395 1171 439; x_wconf 81' lang='lat' dir='ltr'>tropicam</span> <span class='ocrx_word' id='word_1_29' title='bbox 1199 406 1281 429; x_wconf 88' lang='lat' dir='ltr'>esse</span> <span class='ocrx_word' id='word_1_30' title='bbox 1308 406 1526 439; x_wconf 86' lang='lat' dir='ltr'>persuasum</span> <span class='ocrx_word' id='word_1_31' title='bbox 1562 403 1629 432; x_wconf 88' lang='lat' dir='ltr'>est.</span> 
     </span>
     <span class='ocr_line' id='line_1_5' title="bbox 116 454 1605 500; baseline 0.001 -11"><span class='ocrx_word' id='word_1_32' title='bbox 116 457 339 490; x_wconf 78' lang='lat' dir='ltr'>Distributio</span> <span class='ocrx_word' id='word_1_33' title='bbox 364 462 487 490; x_wconf 81' lang='lat' dir='ltr'>autern</span> <span class='ocrx_word' id='word_1_34' title='bbox 514 456 761 500; x_wconf 79' lang='lat' dir='ltr'>geographica</span> <span class='ocrx_word' id='word_1_35' title='bbox 787 457 992 499; x_wconf 82' lang='lat' dir='ltr'>specierum</span> <span class='ocrx_word' id='word_1_36' title='bbox 1020 454 1166 498; x_wconf 84' lang='lat' dir='ltr'>generis</span> <span class='ocrx_word' id='word_1_37' title='bbox 1194 455 1395 499; x_wconf 84' lang='lat' dir='ltr'>Lejeuniae</span> <span class='ocrx_word' id='word_1_38' title='bbox 1423 456 1514 490; x_wconf 80' lang='lat' dir='ltr'>haec</span> <span class='ocrx_word' id='word_1_39' title='bbox 1539 463 1605 491; x_wconf 88' lang='lat' dir='ltr'>est.</span> 
     </span>
    </p>
   </div>
   <div class='ocr_carea' id='block_1_3' title="bbox 74 537 1630 2936">
    <p class='ocr_par' dir='ltr' id='par_1_3' title="bbox 74 537 1630 2936">
     <span class='ocr_line' id='line_1_6' title="bbox 209 537 1630 583; baseline 0.001 -11"><span class='ocrx_word' id='word_1_40' title='bbox 209 540 380 583; x_wconf 84' lang='lat' dir='ltr'>Europae</span> <span class='ocrx_word' id='word_1_41' title='bbox 405 543 491 572; x_wconf 86' lang='lat' dir='ltr'>sunt</span> <span class='ocrx_word' id='word_1_42' title='bbox 508 539 652 582; x_wconf 83' lang='lat' dir='ltr'>species</span> <span class='ocrx_word' id='word_1_43' title='bbox 667 542 700 578; x_wconf 87' lang='grc'>8,</span> <span class='ocrx_word' id='word_1_44' title='bbox 728 549 823 583; x_wconf 87' lang='lat' dir='ltr'>quae</span> <span class='ocrx_word' id='word_1_45' title='bbox 850 538 1049 581; x_wconf 80' lang='lat' dir='ltr'>pleraeque</span> <span class='ocrx_word' id='word_1_46' title='bbox 1077 538 1113 571; x_wconf 93' lang='lat' dir='ltr'>in</span> <span class='ocrx_word' id='word_1_47' title='bbox 1139 537 1324 571; x_wconf 81' lang='lat' dir='ltr'>Hibernia</span> <span class='ocrx_word' id='word_1_48' title='bbox 1345 543 1528 580; x_wconf 78' lang='lat' dir='ltr'>crescunt,</span> <span class='ocrx_word' id='word_1_49' title='bbox 1556 551 1630 574; x_wconf 82' lang='lat' dir='ltr'>una</span> 
     </span>
     <span class='ocr_line' id='line_1_7' title="bbox 114 596 1628 644; baseline 0.001 -13"><span class='ocrx_word' id='word_1_50' title='bbox 114 599 204 643; x_wconf 64' lang='lat' dir='ltr'><em>(Lejj.</em></span> <span class='ocrx_word' id='word_1_51' title='bbox 229 597 469 644; x_wconf 30' lang='lat' dir='ltr'>serpyllisbliaf)</span> <span class='ocrx_word' id='word_1_52' title='bbox 498 598 533 631; x_wconf 91' lang='lat' dir='ltr'>in</span> <span class='ocrx_word' id='word_1_53' title='bbox 565 597 735 631; x_wconf 72' lang='lat' dir='ltr'>Amerina</span> <span class='ocrx_word' id='word_1_54' title='bbox 763 596 1061 641; x_wconf 81' lang='lat' dir='ltr'>septentrionali,</span> <span class='ocrx_word' id='word_1_55' title='bbox 1101 596 1359 631; x_wconf 82' lang='lat' dir='ltr'>Promontorio</span> <span class='ocrx_word' id='word_1_56' title='bbox 1385 597 1514 632; x_wconf 82' lang='lat' dir='ltr'>Bonae</span> <span class='ocrx_word' id='word_1_57' title='bbox 1540 599 1628 642; x_wconf 87' lang='lat' dir='ltr'>Spei</span> 
     </span>
     <span class='ocr_line' id='line_1_8' title="bbox 112 655 1628 701; baseline 0 -11"><span class='ocrx_word' id='word_1_58' title='bbox 112 662 147 690; x_wconf 83' lang='lat' dir='ltr'>et</span> <span class='ocrx_word' id='word_1_59' title='bbox 175 658 209 690; x_wconf 88' lang='lat' dir='ltr'>in</span> <span class='ocrx_word' id='word_1_60' title='bbox 239 657 328 690; x_wconf 83' lang='lat' dir='ltr'>Asia</span> <span class='ocrx_word' id='word_1_61' title='bbox 354 657 494 700; x_wconf 85' lang='lat' dir='ltr'>tropica</span> <span class='ocrx_word' id='word_1_62' title='bbox 522 657 736 690; x_wconf 81' lang='lat' dir='ltr'>continente</span> <span class='ocrx_word' id='word_1_63' title='bbox 763 656 914 696; x_wconf 87' lang='lat' dir='ltr'>crescit;</span> <span class='ocrx_word' id='word_1_64' title='bbox 952 656 1048 689; x_wconf 88' lang='lat' dir='ltr'>duae</span> <span class='ocrx_word' id='word_1_65' title='bbox 1075 656 1187 699; x_wconf 85' lang='lat' dir='ltr'>paulo</span> <span class='ocrx_word' id='word_1_66' title='bbox 1214 655 1324 689; x_wconf 88' lang='lat' dir='ltr'>latius</span> <span class='ocrx_word' id='word_1_67' title='bbox 1350 667 1414 700; x_wconf 89' lang='lat' dir='ltr'>per</span> <span class='ocrx_word' id='word_1_68' title='bbox 1441 657 1628 701; x_wconf 84' lang='lat' dir='ltr'>Europam</span> 
     </span>
     <span class='ocr_line' id='line_1_9' title="bbox 112 714 1626 759; baseline 0.001 -11"><span class='ocrx_word' id='word_1_69' title='bbox 112 721 346 759; x_wconf 77' lang='lat' dir='ltr'>sparguntur,</span> <span class='ocrx_word' id='word_1_70' title='bbox 374 715 536 759; x_wconf 79' lang='lat' dir='ltr'>reliquae</span> <span class='ocrx_word' id='word_1_71' title='bbox 563 715 629 749; x_wconf 91' lang='lat' dir='ltr'>soli</span> <span class='ocrx_word' id='word_1_72' title='bbox 659 715 816 758; x_wconf 88' lang='lat' dir='ltr'>Angliae</span> <span class='ocrx_word' id='word_1_73' title='bbox 843 720 880 748; x_wconf 86' lang='lat' dir='ltr'>et</span> <span class='ocrx_word' id='word_1_74' title='bbox 906 714 1072 758; x_wconf 78' lang='lat' dir='ltr'>inprimis</span> <span class='ocrx_word' id='word_1_75' title='bbox 1100 714 1306 749; x_wconf 61' lang='lat' dir='ltr'>Hibe-niae</span> <span class='ocrx_word' id='word_1_76' title='bbox 1332 715 1504 759; x_wconf 87' lang='lat' dir='ltr'>propriae</span> <span class='ocrx_word' id='word_1_77' title='bbox 1529 724 1626 751; x_wconf 82' lang='lat' dir='ltr'>sunt.</span> 
     </span>
     <span class='ocr_line' id='line_1_10' title="bbox 112 773 1625 818; baseline 0.001 -10"><span class='ocrx_word' id='word_1_78' title='bbox 112 775 247 808; x_wconf 87' lang='lat' dir='ltr'>Insulis</span> <span class='ocrx_word' id='word_1_79' title='bbox 265 775 435 808; x_wconf 88' lang='lat' dir='ltr'>Canariis</span> <span class='ocrx_word' id='word_1_80' title='bbox 460 777 483 807; x_wconf 80' lang='lat'><strong>2</strong></span> <span class='ocrx_word' id='word_1_81' title='bbox 507 773 649 816; x_wconf 82' lang='lat' dir='ltr'>species</span> <span class='ocrx_word' id='word_1_82' title='bbox 675 778 781 814; x_wconf 87' lang='lat' dir='ltr'>sunt,</span> <span class='ocrx_word' id='word_1_83' title='bbox 807 783 962 818; x_wconf 87' lang='lat' dir='ltr'>quarum</span> <span class='ocrx_word' id='word_1_84' title='bbox 990 783 1063 806; x_wconf 91' lang='lat' dir='ltr'>una</span> <span class='ocrx_word' id='word_1_85' title='bbox 1090 773 1201 806; x_wconf 84' lang='lat' dir='ltr'>etiam</span> <span class='ocrx_word' id='word_1_86' title='bbox 1228 773 1264 807; x_wconf 87' lang='lat' dir='ltr'>in</span> <span class='ocrx_word' id='word_1_87' title='bbox 1294 774 1454 808; x_wconf 86' lang='lat' dir='ltr'>Brasilia</span> <span class='ocrx_word' id='word_1_88' title='bbox 1482 776 1625 810; x_wconf 83' lang='lat' dir='ltr'>crescit.</span> 
     </span>
     <span class='ocr_line' id='line_1_11' title="bbox 112 831 1625 879; baseline 0.001 -12"><span class='ocrx_word' id='word_1_89' title='bbox 112 833 306 867; x_wconf 84' lang='lat' dir='ltr'>Americae</span> <span class='ocrx_word' id='word_1_90' title='bbox 339 831 620 876; x_wconf 80' lang='lat' dir='ltr'>septentrionali</span> <span class='ocrx_word' id='word_1_91' title='bbox 647 835 669 866; x_wconf 86' lang='lat'>4</span> <span class='ocrx_word' id='word_1_92' title='bbox 695 832 838 875; x_wconf 87' lang='lat' dir='ltr'>species</span> <span class='ocrx_word' id='word_1_93' title='bbox 865 836 971 874; x_wconf 86' lang='lat' dir='ltr'>sunt,</span> <span class='ocrx_word' id='word_1_94' title='bbox 1005 831 1083 865; x_wconf 87' lang='lat' dir='ltr'>scil.</span> <span class='ocrx_word' id='word_1_95' title='bbox 1110 835 1133 866; x_wconf 83' lang='lat'><strong>2</strong></span> <span class='ocrx_word' id='word_1_96' title='bbox 1160 832 1353 876; x_wconf 84' lang='lat' dir='ltr'>propriae,</span> <span class='ocrx_word' id='word_1_97' title='bbox 1396 837 1410 867; x_wconf 95' lang='lat' dir='ltr'>l</span> <span class='ocrx_word' id='word_1_98' title='bbox 1441 834 1625 879; x_wconf 76' lang='lat' dir='ltr'>Europae,</span> 
     </span>
     <span class='ocr_line' id='line_1_12' title="bbox 113 890 1627 936; baseline 0.001 -10"><span class='ocrx_word' id='word_1_99' title='bbox 113 897 125 926; x_wconf 84' lang='lat' dir='ltr'>l</span> <span class='ocrx_word' id='word_1_100' title='bbox 158 892 350 926; x_wconf 83' lang='lat' dir='ltr'>Americae</span> <span class='ocrx_word' id='word_1_101' title='bbox 388 890 552 933; x_wconf 82' lang='lat' dir='ltr'>tropicae</span> <span class='ocrx_word' id='word_1_102' title='bbox 578 890 797 923; x_wconf 82' lang='lat' dir='ltr'>communis.</span> <span class='ocrx_word' id='word_1_103' title='bbox 858 890 1004 924; x_wconf 84' lang='lat' dir='ltr'>Africae</span> <span class='ocrx_word' id='word_1_104' title='bbox 1040 890 1114 924; x_wconf 88' lang='lat' dir='ltr'>oris</span> <span class='ocrx_word' id='word_1_105' title='bbox 1142 891 1387 926; x_wconf 82' lang='lat' dir='ltr'>orientalibus</span> <span class='ocrx_word' id='word_1_106' title='bbox 1415 894 1564 936; x_wconf 88' lang='lat' dir='ltr'>(Oware</span> <span class='ocrx_word' id='word_1_107' title='bbox 1590 899 1627 928; x_wconf 84' lang='lat' dir='ltr'>et</span> 
     </span>
     <span class='ocr_line' id='line_1_13' title="bbox 111 948 1626 994; baseline 0.002 -11"><span class='ocrx_word' id='word_1_108' title='bbox 111 951 245 994; x_wconf 87' lang='lat' dir='ltr'>Benin)</span> <span class='ocrx_word' id='word_1_109' title='bbox 279 953 286 982; x_wconf 98' lang='grc' dir='ltr'>Ι</span> <span class='ocrx_word' id='word_1_110' title='bbox 319 955 374 983; x_wconf 69' lang='lat' dir='ltr'>est</span> <span class='ocrx_word' id='word_1_111' title='bbox 399 949 543 992; x_wconf 89' lang='lat' dir='ltr'>species</span> <span class='ocrx_word' id='word_1_112' title='bbox 570 959 689 993; x_wconf 88' lang='lat' dir='ltr'>eaque</span> <span class='ocrx_word' id='word_1_113' title='bbox 716 949 876 992; x_wconf 77' lang='lat' dir='ltr'>propria.</span> <span class='ocrx_word' id='word_1_114' title='bbox 929 948 1189 983; x_wconf 79' lang='lat' dir='ltr'>promontorio</span> <span class='ocrx_word' id='word_1_115' title='bbox 1208 950 1335 983; x_wconf 85' lang='lat' dir='ltr'>Bonae</span> <span class='ocrx_word' id='word_1_116' title='bbox 1352 951 1441 994; x_wconf 89' lang='lat' dir='ltr'>Spei</span> <span class='ocrx_word' id='word_1_117' title='bbox 1473 955 1509 985; x_wconf 88' lang='grc'>11</span> <span class='ocrx_word' id='word_1_118' title='bbox 1538 959 1626 986; x_wconf 88' lang='lat' dir='ltr'>sunt</span> 
     </span>
     <span class='ocr_line' id='line_1_14' title="bbox 110 1007 1619 1052; baseline 0.002 -10"><span class='ocrx_word' id='word_1_119' title='bbox 110 1009 274 1052; x_wconf 79' lang='lat' dir='ltr'>speeies,</span> <span class='ocrx_word' id='word_1_120' title='bbox 310 1008 387 1041; x_wconf 89' lang='lat' dir='ltr'>scil.</span> <span class='ocrx_word' id='word_1_121' title='bbox 415 1010 450 1046; x_wconf 83' lang='lat'>7,</span> <span class='ocrx_word' id='word_1_122' title='bbox 485 1018 582 1051; x_wconf 88' lang='lat' dir='ltr'>quae</span> <span class='ocrx_word' id='word_1_123' title='bbox 609 1007 690 1040; x_wconf 90' lang='lat' dir='ltr'>istis</span> <span class='ocrx_word' id='word_1_124' title='bbox 718 1009 824 1042; x_wconf 85' lang='lat' dir='ltr'>terris</span> <span class='ocrx_word' id='word_1_125' title='bbox 852 1008 1024 1052; x_wconf 83' lang='lat' dir='ltr'>propriae</span> <span class='ocrx_word' id='word_1_126' title='bbox 1051 1018 1132 1041; x_wconf 80' lang='lat' dir='ltr'>esse</span> <span class='ocrx_word' id='word_1_127' title='bbox 1159 1008 1351 1047; x_wconf 74' lang='lat' dir='ltr'>videntur,</span> <span class='ocrx_word' id='word_1_128' title='bbox 1387 1014 1462 1042; x_wconf 86' lang='lat' dir='ltr'>tum</span> <span class='ocrx_word' id='word_1_129' title='bbox 1491 1021 1577 1045; x_wconf 82' lang='lat' dir='ltr'>vero</span> <span class='ocrx_word' id='word_1_130' title='bbox 1608 1015 1619 1044; x_wconf 92' lang='grc'>1</span> 
     </span>
     <span class='ocr_line' id='line_1_15' title="bbox 105 1065 1623 1112; baseline 0.002 -12"><span class='ocrx_word' id='word_1_131' title='bbox 105 1067 206 1112; x_wconf 59' lang='lat' dir='ltr'>(ij.</span> <span class='ocrx_word' id='word_1_132' title='bbox 238 1065 511 1112; x_wconf 60' lang='lat' dir='ltr'>serpyllifhlia),</span> <span class='ocrx_word' id='word_1_133' title='bbox 563 1066 734 1109; x_wconf 86' lang='lat' dir='ltr'>Europae</span> <span class='ocrx_word' id='word_1_134' title='bbox 775 1067 974 1111; x_wconf 86' lang='lat' dir='ltr'>multisque</span> <span class='ocrx_word' id='word_1_135' title='bbox 1022 1067 1104 1100; x_wconf 86' lang='lat' dir='ltr'>aliis</span> <span class='ocrx_word' id='word_1_136' title='bbox 1146 1066 1360 1108; x_wconf 78' lang='lat' dir='ltr'>regionibus</span> <span class='ocrx_word' id='word_1_137' title='bbox 1406 1070 1623 1110; x_wconf 82' lang='lat' dir='ltr'>communis,</span> 
     </span>
     <span class='ocr_line' id='line_1_16' title="bbox 104 1125 1624 1169; baseline 0.002 -10"><span class='ocrx_word' id='word_1_138' title='bbox 104 1129 126 1159; x_wconf 81' lang='lat'>3</span> <span class='ocrx_word' id='word_1_139' title='bbox 154 1131 189 1159; x_wconf 85' lang='lat' dir='ltr'>et</span> <span class='ocrx_word' id='word_1_140' title='bbox 215 1126 251 1159; x_wconf 91' lang='lat' dir='ltr'>in</span> <span class='ocrx_word' id='word_1_141' title='bbox 282 1125 440 1159; x_wconf 79' lang='lat' dir='ltr'>Brasilia</span> <span class='ocrx_word' id='word_1_142' title='bbox 469 1131 579 1169; x_wconf 83' lang='lat' dir='ltr'>atque</span> <span class='ocrx_word' id='word_1_143' title='bbox 601 1125 752 1158; x_wconf 89' lang='lat' dir='ltr'>Guiana</span> <span class='ocrx_word' id='word_1_144' title='bbox 778 1130 997 1159; x_wconf 76' lang='lat' dir='ltr'>crescentes,</span> <span class='ocrx_word' id='word_1_145' title='bbox 1047 1126 1184 1159; x_wconf 86' lang='lat' dir='ltr'>Insulis</span> <span class='ocrx_word' id='word_1_146' title='bbox 1207 1125 1440 1160; x_wconf 78' lang='lat' dir='ltr'>Mascarenis</span> <span class='ocrx_word' id='word_1_147' title='bbox 1470 1131 1511 1161; x_wconf 79' lang='lat'>13</span> <span class='ocrx_word' id='word_1_148' title='bbox 1539 1134 1624 1162; x_wconf 87' lang='lat' dir='ltr'>sunt</span> 
     </span>
     <span class='ocr_line' id='line_1_17' title="bbox 106 1184 1622 1228; baseline 0.003 -11"><span class='ocrx_word' id='word_1_149' title='bbox 106 1184 268 1227; x_wconf 77' lang='lat' dir='ltr'>species,</span> <span class='ocrx_word' id='word_1_150' title='bbox 296 1194 344 1217; x_wconf 85' lang='lat' dir='ltr'>ex</span> <span class='ocrx_word' id='word_1_151' title='bbox 369 1184 424 1217; x_wconf 84' lang='lat' dir='ltr'>his</span> <span class='ocrx_word' id='word_1_152' title='bbox 451 1187 473 1218; x_wconf 88' lang='lat'>9</span> <span class='ocrx_word' id='word_1_153' title='bbox 500 1194 683 1228; x_wconf 85' lang='lat' dir='ltr'>nusquam</span> <span class='ocrx_word' id='word_1_154' title='bbox 713 1185 798 1218; x_wconf 85' lang='lat' dir='ltr'>alibi</span> <span class='ocrx_word' id='word_1_155' title='bbox 826 1185 999 1219; x_wconf 85' lang='lat' dir='ltr'>inventae</span> <span class='ocrx_word' id='word_1_156' title='bbox 1027 1188 1126 1224; x_wconf 82' lang='lat' dir='ltr'>sunt,</span> <span class='ocrx_word' id='word_1_157' title='bbox 1154 1184 1378 1228; x_wconf 81' lang='lat' dir='ltr'>reliquarum</span> <span class='ocrx_word' id='word_1_158' title='bbox 1410 1189 1422 1219; x_wconf 75' lang='grc' dir='ltr'>ι</span> <span class='ocrx_word' id='word_1_159' title='bbox 1454 1187 1566 1220; x_wconf 82' lang='lat' dir='ltr'>etiam</span> <span class='ocrx_word' id='word_1_160' title='bbox 1586 1188 1622 1221; x_wconf 87' lang='lat' dir='ltr'>in</span> 
     </span>
     <span class='ocr_line' id='line_1_18' title="bbox 106 1243 1623 1287; baseline 0.004 -12"><span class='ocrx_word' id='word_1_161' title='bbox 106 1244 233 1276; x_wconf 79' lang='lat' dir='ltr'>Insula</span> <span class='ocrx_word' id='word_1_162' title='bbox 260 1243 355 1276; x_wconf 86' lang='lat' dir='ltr'>Java</span> <span class='ocrx_word' id='word_1_163' title='bbox 384 1244 528 1283; x_wconf 85' lang='lat' dir='ltr'>crescit,</span> <span class='ocrx_word' id='word_1_164' title='bbox 556 1247 577 1277; x_wconf 88' lang='lat'><strong>3</strong></span> <span class='ocrx_word' id='word_1_165' title='bbox 606 1243 975 1287; x_wconf 82' lang='lat' dir='ltr'>reliquaeAmericae</span> <span class='ocrx_word' id='word_1_166' title='bbox 1003 1243 1168 1277; x_wconf 84' lang='lat' dir='ltr'>calidiori</span> <span class='ocrx_word' id='word_1_167' title='bbox 1196 1243 1412 1284; x_wconf 68' lang='lat' dir='ltr'>(Peruvim‘,</span> <span class='ocrx_word' id='word_1_168' title='bbox 1439 1246 1623 1287; x_wconf 82' lang='lat' dir='ltr'>Guianae,</span> 
     </span>
     <span class='ocr_line' id='line_1_19' title="bbox 108 1302 1622 1345; baseline 0.003 -11"><span class='ocrx_word' id='word_1_169' title='bbox 108 1302 308 1345; x_wconf 86' lang='lat' dir='ltr'>Brasiliae)</span> <span class='ocrx_word' id='word_1_170' title='bbox 340 1313 422 1335; x_wconf 86' lang='lat' dir='ltr'>cum</span> <span class='ocrx_word' id='word_1_171' title='bbox 451 1303 588 1336; x_wconf 91' lang='lat' dir='ltr'>Insulis</span> <span class='ocrx_word' id='word_1_172' title='bbox 615 1303 848 1337; x_wconf 73' lang='lat' dir='ltr'>Maso-arenis</span> <span class='ocrx_word' id='word_1_173' title='bbox 875 1313 1090 1337; x_wconf 88' lang='lat' dir='ltr'>communes</span> <span class='ocrx_word' id='word_1_174' title='bbox 1117 1308 1214 1335; x_wconf 86' lang='lat' dir='ltr'>sunt.</span> <span class='ocrx_word' id='word_1_175' title='bbox 1268 1302 1380 1336; x_wconf 87' lang='lat' dir='ltr'>Asiae</span> <span class='ocrx_word' id='word_1_176' title='bbox 1407 1304 1622 1345; x_wconf 80' lang='lat' dir='ltr'>continenti,</span> 
     </span>
     <span class='ocr_line' id='line_1_20' title="bbox 105 1361 1621 1405; baseline 0.003 -12"><span class='ocrx_word' id='word_1_177' title='bbox 105 1361 248 1395; x_wconf 84' lang='lat' dir='ltr'>inclusa</span> <span class='ocrx_word' id='word_1_178' title='bbox 277 1362 433 1405; x_wconf 86' lang='lat' dir='ltr'>Nepalia</span> <span class='ocrx_word' id='word_1_179' title='bbox 462 1367 498 1395; x_wconf 89' lang='lat' dir='ltr'>et</span> <span class='ocrx_word' id='word_1_180' title='bbox 528 1361 756 1405; x_wconf 82' lang='lat' dir='ltr'>Neelgherry</span> <span class='ocrx_word' id='word_1_181' title='bbox 791 1373 874 1395; x_wconf 87' lang='lat' dir='ltr'>cum</span> <span class='ocrx_word' id='word_1_182' title='bbox 910 1362 1034 1395; x_wconf 81' lang='lat' dir='ltr'>Insula</span> <span class='ocrx_word' id='word_1_183' title='bbox 1073 1361 1232 1404; x_wconf 78' lang='lat' dir='ltr'>Ceylon,</span> <span class='ocrx_word' id='word_1_184' title='bbox 1272 1364 1310 1394; x_wconf 87' lang='lat' dir='ltr'>ll</span> <span class='ocrx_word' id='word_1_185' title='bbox 1349 1362 1491 1405; x_wconf 84' lang='lat' dir='ltr'>species</span> <span class='ocrx_word' id='word_1_186' title='bbox 1525 1370 1621 1404; x_wconf 88' lang='lat' dir='ltr'>sunt,</span> 
     </span>
     <span class='ocr_line' id='line_1_21' title="bbox 101 1419 1621 1464; baseline 0.003 -12"><span class='ocrx_word' id='word_1_187' title='bbox 101 1430 149 1452; x_wconf 80' lang='lat' dir='ltr'>ex</span> <span class='ocrx_word' id='word_1_188' title='bbox 175 1419 310 1463; x_wconf 87' lang='lat' dir='ltr'>quibus</span> <span class='ocrx_word' id='word_1_189' title='bbox 337 1422 360 1453; x_wconf 88' lang='lat'>6</span> <span class='ocrx_word' id='word_1_190' title='bbox 389 1420 499 1454; x_wconf 84' lang='lat' dir='ltr'>Asiae</span> <span class='ocrx_word' id='word_1_191' title='bbox 537 1420 621 1454; x_wconf 86' lang='lat' dir='ltr'>huic</span> <span class='ocrx_word' id='word_1_192' title='bbox 656 1423 752 1463; x_wconf 81' lang='lat' dir='ltr'>parti</span> <span class='ocrx_word' id='word_1_193' title='bbox 788 1421 980 1464; x_wconf 84' lang='lat' dir='ltr'>propriae,</span> <span class='ocrx_word' id='word_1_194' title='bbox 1020 1423 1043 1453; x_wconf 79' lang='lat'><strong>2</strong></span> <span class='ocrx_word' id='word_1_195' title='bbox 1076 1431 1288 1454; x_wconf 88' lang='lat' dir='ltr'>communes</span> <span class='ocrx_word' id='word_1_196' title='bbox 1318 1421 1468 1454; x_wconf 76' lang='lat' dir='ltr'>Insulae</span> <span class='ocrx_word' id='word_1_197' title='bbox 1489 1422 1621 1463; x_wconf 79' lang='lat' dir='ltr'>Javae,</span> 
     </span>
     <span class='ocr_line' id='line_1_22' title="bbox 104 1478 1617 1522; baseline 0.003 -11"><span class='ocrx_word' id='word_1_198' title='bbox 104 1482 117 1511; x_wconf 88' lang='lat'><em>1</em></span> <span class='ocrx_word' id='word_1_199' title='bbox 160 1479 309 1513; x_wconf 86' lang='lat' dir='ltr'>Insulae</span> <span class='ocrx_word' id='word_1_200' title='bbox 349 1480 515 1521; x_wconf 83' lang='lat' dir='ltr'>Owaihi,</span> <span class='ocrx_word' id='word_1_201' title='bbox 561 1483 570 1513; x_wconf 98' lang='grc'>1</span> <span class='ocrx_word' id='word_1_202' title='bbox 611 1480 763 1513; x_wconf 84' lang='lat' dir='ltr'>Insulae</span> <span class='ocrx_word' id='word_1_203' title='bbox 798 1479 1067 1522; x_wconf 80' lang='lat' dir='ltr'>Guadelupae,</span> <span class='ocrx_word' id='word_1_204' title='bbox 1114 1489 1188 1512; x_wconf 86' lang='lat' dir='ltr'>una</span> <span class='ocrx_word' id='word_1_205' title='bbox 1224 1478 1405 1513; x_wconf 85' lang='lat' dir='ltr'>Guianae.</span> <span class='ocrx_word' id='word_1_206' title='bbox 1467 1481 1617 1515; x_wconf 85' lang='lat' dir='ltr'>Insulae</span> 
     </span>
     <span class='ocr_line' id='line_1_23' title="bbox 100 1537 1616 1582; baseline 0.001 -11"><span class='ocrx_word' id='word_1_207' title='bbox 100 1538 300 1572; x_wconf 87' lang='lat' dir='ltr'>Marianae</span> <span class='ocrx_word' id='word_1_208' title='bbox 335 1539 543 1573; x_wconf 86' lang='lat' dir='ltr'>tribuerunt</span> <span class='ocrx_word' id='word_1_209' title='bbox 577 1542 599 1573; x_wconf 89' lang='lat'>6</span> <span class='ocrx_word' id='word_1_210' title='bbox 634 1538 799 1582; x_wconf 81' lang='lat' dir='ltr'>species,</span> <span class='ocrx_word' id='word_1_211' title='bbox 838 1548 993 1582; x_wconf 84' lang='lat' dir='ltr'>quarum</span> <span class='ocrx_word' id='word_1_212' title='bbox 1028 1549 1100 1571; x_wconf 86' lang='lat' dir='ltr'>una</span> <span class='ocrx_word' id='word_1_213' title='bbox 1138 1538 1249 1570; x_wconf 47' lang='lat' dir='ltr'>enan</span> <span class='ocrx_word' id='word_1_214' title='bbox 1286 1538 1321 1571; x_wconf 89' lang='lat' dir='ltr'>in</span> <span class='ocrx_word' id='word_1_215' title='bbox 1358 1537 1616 1572; x_wconf 72' lang='lat' dir='ltr'>promontorio</span> 
     </span>
     <span class='ocr_line' id='line_1_24' title="bbox 101 1596 1616 1640; baseline 0.001 -12"><span class='ocrx_word' id='word_1_216' title='bbox 101 1596 229 1630; x_wconf 90' lang='lat' dir='ltr'>Bonae</span> <span class='ocrx_word' id='word_1_217' title='bbox 257 1597 365 1640; x_wconf 84' lang='lat' dir='ltr'>Spei,</span> <span class='ocrx_word' id='word_1_218' title='bbox 405 1598 440 1631; x_wconf 92' lang='lat' dir='ltr'>in</span> <span class='ocrx_word' id='word_1_219' title='bbox 468 1598 606 1631; x_wconf 87' lang='lat' dir='ltr'>Insulis</span> <span class='ocrx_word' id='word_1_220' title='bbox 634 1598 688 1632; x_wconf 85' lang='lat' dir='ltr'>St.</span> <span class='ocrx_word' id='word_1_221' title='bbox 720 1597 904 1639; x_wconf 81' lang='lat' dir='ltr'>Domingo</span> <span class='ocrx_word' id='word_1_222' title='bbox 940 1602 975 1630; x_wconf 89' lang='lat' dir='ltr'>et</span> <span class='ocrx_word' id='word_1_223' title='bbox 1003 1597 1227 1640; x_wconf 81' lang='lat' dir='ltr'>Guadelupa</span> <span class='ocrx_word' id='word_1_224' title='bbox 1254 1602 1364 1640; x_wconf 86' lang='lat' dir='ltr'>atque</span> <span class='ocrx_word' id='word_1_225' title='bbox 1392 1597 1426 1630; x_wconf 90' lang='lat' dir='ltr'>in</span> <span class='ocrx_word' id='word_1_226' title='bbox 1457 1597 1616 1631; x_wconf 85' lang='lat' dir='ltr'>Brasilia</span> 
     </span>
     <span class='ocr_line' id='line_1_25' title="bbox 99 1654 1611 1698; baseline 0.001 -10"><span class='ocrx_word' id='word_1_227' title='bbox 99 1654 248 1688; x_wconf 87' lang='lat' dir='ltr'>inventa</span> <span class='ocrx_word' id='word_1_228' title='bbox 275 1661 341 1690; x_wconf 87' lang='lat' dir='ltr'>est.</span> <span class='ocrx_word' id='word_1_229' title='bbox 403 1656 552 1689; x_wconf 88' lang='lat' dir='ltr'>Insulae</span> <span class='ocrx_word' id='word_1_230' title='bbox 569 1656 688 1690; x_wconf 87' lang='lat' dir='ltr'>Javae</span> <span class='ocrx_word' id='word_1_231' title='bbox 715 1656 769 1698; x_wconf 84' lang='lat' dir='ltr'>(et</span> <span class='ocrx_word' id='word_1_232' title='bbox 792 1655 982 1689; x_wconf 88' lang='lat' dir='ltr'>Luzoniae</span> <span class='ocrx_word' id='word_1_233' title='bbox 1010 1655 1206 1698; x_wconf 79' lang='lat' dir='ltr'>speciebus</span> <span class='ocrx_word' id='word_1_234' title='bbox 1232 1660 1253 1688; x_wconf 72' lang='lat'>4</span> <span class='ocrx_word' id='word_1_235' title='bbox 1280 1656 1438 1698; x_wconf 81' lang='lat' dir='ltr'>propriis</span> <span class='ocrx_word' id='word_1_236' title='bbox 1462 1659 1484 1689; x_wconf 84' lang='lat'><strong>2</strong></span> <span class='ocrx_word' id='word_1_237' title='bbox 1510 1667 1611 1690; x_wconf 86' lang='lat' dir='ltr'>com-</span> 
     </span>
     <span class='ocr_line' id='line_1_26' title="bbox 97 1713 1613 1759; baseline 0 -12"><span class='ocrx_word' id='word_1_238' title='bbox 97 1714 319 1748; x_wconf 90' lang='lat' dir='ltr'>munibusin</span> <span class='ocrx_word' id='word_1_239' title='bbox 346 1725 496 1748; x_wconf 86' lang='lat' dir='ltr'>censum</span> <span class='ocrx_word' id='word_1_240' title='bbox 520 1715 707 1759; x_wconf 82' lang='lat' dir='ltr'>adductis)</span> <span class='ocrx_word' id='word_1_241' title='bbox 732 1718 778 1748; x_wconf 78' lang='lat'>27</span> <span class='ocrx_word' id='word_1_242' title='bbox 794 1719 880 1747; x_wconf 85' lang='lat' dir='ltr'>sunt</span> <span class='ocrx_word' id='word_1_243' title='bbox 897 1714 1054 1757; x_wconf 82' lang='lat' dir='ltr'>species,</span> <span class='ocrx_word' id='word_1_244' title='bbox 1082 1713 1159 1747; x_wconf 88' lang='lat' dir='ltr'>scil.</span> <span class='ocrx_word' id='word_1_245' title='bbox 1179 1716 1221 1747; x_wconf 84' lang='lat'>21</span> <span class='ocrx_word' id='word_1_246' title='bbox 1244 1713 1428 1757; x_wconf 83' lang='lat' dir='ltr'>propriae,</span> <span class='ocrx_word' id='word_1_247' title='bbox 1455 1718 1475 1748; x_wconf 76' lang='lat'><strong>4</strong></span> <span class='ocrx_word' id='word_1_248' title='bbox 1504 1715 1613 1749; x_wconf 84' lang='lat' dir='ltr'>etiam</span> 
     </span>
     <span class='ocr_line' id='line_1_27' title="bbox 96 1772 1614 1814; baseline 0.001 -9"><span class='ocrx_word' id='word_1_249' title='bbox 96 1773 132 1806; x_wconf 88' lang='lat' dir='ltr'>in</span> <span class='ocrx_word' id='word_1_250' title='bbox 164 1773 323 1807; x_wconf 88' lang='lat' dir='ltr'>Brasilia</span> <span class='ocrx_word' id='word_1_251' title='bbox 351 1778 386 1806; x_wconf 90' lang='lat' dir='ltr'>et</span> <span class='ocrx_word' id='word_1_252' title='bbox 410 1773 571 1812; x_wconf 79' lang='lat' dir='ltr'>Guiana,</span> <span class='ocrx_word' id='word_1_253' title='bbox 602 1777 615 1806; x_wconf 83' lang='lat' dir='ltr'>l</span> <span class='ocrx_word' id='word_1_254' title='bbox 648 1773 682 1806; x_wconf 86' lang='lat' dir='ltr'>in</span> <span class='ocrx_word' id='word_1_255' title='bbox 704 1773 864 1807; x_wconf 84' lang='lat' dir='ltr'>Brasilia</span> <span class='ocrx_word' id='word_1_256' title='bbox 890 1778 926 1806; x_wconf 81' lang='lat' dir='ltr'>et</span> <span class='ocrx_word' id='word_1_257' title='bbox 948 1772 1086 1806; x_wconf 87' lang='lat' dir='ltr'>Insulis</span> <span class='ocrx_word' id='word_1_258' title='bbox 1104 1774 1353 1814; x_wconf 80' lang='lat' dir='ltr'>Australibus,</span> <span class='ocrx_word' id='word_1_259' title='bbox 1387 1776 1398 1806; x_wconf 84' lang='grc' dir='ltr'>Ι</span> <span class='ocrx_word' id='word_1_260' title='bbox 1429 1774 1464 1806; x_wconf 91' lang='lat' dir='ltr'>in</span> <span class='ocrx_word' id='word_1_261' title='bbox 1486 1774 1614 1807; x_wconf 84' lang='lat' dir='ltr'>Insula</span> 
     </span>
     <span class='ocr_line' id='line_1_28' title="bbox 95 1830 1609 1874; baseline 0.001 -12"><span class='ocrx_word' id='word_1_262' title='bbox 95 1830 149 1864; x_wconf 79' lang='lat' dir='ltr'>St.</span> <span class='ocrx_word' id='word_1_263' title='bbox 168 1831 418 1874; x_wconf 84' lang='lat' dir='ltr'>Christophori</span> <span class='ocrx_word' id='word_1_264' title='bbox 446 1838 666 1866; x_wconf 83' lang='lat' dir='ltr'>crescentes.</span> <span class='ocrx_word' id='word_1_265' title='bbox 702 1831 872 1865; x_wconf 85' lang='lat' dir='ltr'>America</span> <span class='ocrx_word' id='word_1_266' title='bbox 894 1831 1034 1874; x_wconf 86' lang='lat' dir='ltr'>tropica</span> <span class='ocrx_word' id='word_1_267' title='bbox 1057 1831 1252 1865; x_wconf 78' lang='lat' dir='ltr'>continens</span> <span class='ocrx_word' id='word_1_268' title='bbox 1279 1832 1482 1874; x_wconf 81' lang='lat' dir='ltr'>orientalis,</span> <span class='ocrx_word' id='word_1_269' title='bbox 1512 1833 1609 1865; x_wconf 76' lang='lat' dir='ltr'>Bra-</span> 
     </span>
     <span class='ocr_line' id='line_1_29' title="bbox 93 1886 1610 1935; baseline 0.003 -16"><span class='ocrx_word' id='word_1_270' title='bbox 93 1886 213 1921; x_wconf 88' lang='lat' dir='ltr'>siliam</span> <span class='ocrx_word' id='word_1_271' title='bbox 242 1894 278 1922; x_wconf 89' lang='lat' dir='ltr'>et</span> <span class='ocrx_word' id='word_1_272' title='bbox 306 1890 490 1923; x_wconf 86' lang='lat' dir='ltr'>Guianam</span> <span class='ocrx_word' id='word_1_273' title='bbox 518 1891 860 1933; x_wconf 78' lang='lat' dir='ltr'>comprehendens,</span> <span class='ocrx_word' id='word_1_274' title='bbox 894 1893 940 1924; x_wconf 80' lang='lat'>78</span> <span class='ocrx_word' id='word_1_275' title='bbox 967 1891 1233 1924; x_wconf 83' lang='lat' dir='ltr'>demonstravit</span> <span class='ocrx_word' id='word_1_276' title='bbox 1261 1891 1427 1933; x_wconf 72' lang='lat' dir='ltr'>species,</span> <span class='ocrx_word' id='word_1_277' title='bbox 1455 1903 1610 1935; x_wconf 82' lang='lat' dir='ltr'>quarum</span> 
     </span>
     <span class='ocr_line' id='line_1_30' title="bbox 90 1947 1611 1993; baseline 0.003 -15"><span class='ocrx_word' id='word_1_278' title='bbox 90 1949 137 1979; x_wconf 83' lang='grc'>45</span> <span class='ocrx_word' id='word_1_279' title='bbox 164 1947 335 1990; x_wconf 87' lang='lat' dir='ltr'>propriae</span> <span class='ocrx_word' id='word_1_280' title='bbox 363 1954 469 1988; x_wconf 85' lang='lat' dir='ltr'>sunt,</span> <span class='ocrx_word' id='word_1_281' title='bbox 505 1951 550 1982; x_wconf 70' lang='grc' dir='ltr'>ς23</span> <span class='ocrx_word' id='word_1_282' title='bbox 586 1949 802 1992; x_wconf 81' lang='lat' dir='ltr'>praesertim</span> <span class='ocrx_word' id='word_1_283' title='bbox 832 1948 962 1982; x_wconf 88' lang='lat' dir='ltr'>Indiae</span> <span class='ocrx_word' id='word_1_284' title='bbox 998 1949 1240 1983; x_wconf 74' lang='lat' dir='ltr'>occidentalis</span> <span class='ocrx_word' id='word_1_285' title='bbox 1273 1950 1424 1990; x_wconf 82' lang='lat' dir='ltr'>insulis,</span> <span class='ocrx_word' id='word_1_286' title='bbox 1470 1962 1611 1993; x_wconf 80' lang='lat' dir='ltr'>paucae</span> 
     </span>
     <span class='ocr_line' id='line_1_31' title="bbox 90 2005 1609 2051; baseline 0.003 -15"><span class='ocrx_word' id='word_1_287' title='bbox 90 2009 126 2037; x_wconf 85' lang='lat' dir='ltr'>et</span> <span class='ocrx_word' id='word_1_288' title='bbox 159 2005 241 2039; x_wconf 87' lang='lat' dir='ltr'>aliis</span> <span class='ocrx_word' id='word_1_289' title='bbox 280 2007 380 2041; x_wconf 89' lang='lat' dir='ltr'>orbis</span> <span class='ocrx_word' id='word_1_290' title='bbox 416 2012 595 2041; x_wconf 82' lang='lat' dir='ltr'>terrarum</span> <span class='ocrx_word' id='word_1_291' title='bbox 634 2009 802 2051; x_wconf 84' lang='lat' dir='ltr'>partibus</span> <span class='ocrx_word' id='word_1_292' title='bbox 840 2008 1013 2041; x_wconf 83' lang='lat' dir='ltr'>tributae.</span> <span class='ocrx_word' id='word_1_293' title='bbox 1068 2009 1292 2041; x_wconf 83' lang='lat' dir='ltr'>Communes</span> <span class='ocrx_word' id='word_1_294' title='bbox 1328 2014 1432 2042; x_wconf 85' lang='lat' dir='ltr'>sunt:</span> <span class='ocrx_word' id='word_1_295' title='bbox 1474 2009 1609 2041; x_wconf 69' lang='lat' dir='ltr'>Insulis</span> 
     </span>
     <span class='ocr_line' id='line_1_32' title="bbox 87 2064 1608 2111; baseline 0.003 -14"><span class='ocrx_word' id='word_1_296' title='bbox 87 2064 300 2105; x_wconf 81' lang='lat' dir='ltr'>Jamaicae,</span> <span class='ocrx_word' id='word_1_297' title='bbox 338 2067 487 2106; x_wconf 79' lang='lat' dir='ltr'>cubae,</span> <span class='ocrx_word' id='word_1_298' title='bbox 525 2067 580 2100; x_wconf 86' lang='lat' dir='ltr'>St.</span> <span class='ocrx_word' id='word_1_299' title='bbox 608 2067 821 2106; x_wconf 84' lang='lat' dir='ltr'>Vincentii,</span> <span class='ocrx_word' id='word_1_300' title='bbox 861 2067 913 2101; x_wconf 83' lang='lat' dir='ltr'>St.</span> <span class='ocrx_word' id='word_1_301' title='bbox 946 2067 1200 2110; x_wconf 80' lang='lat' dir='ltr'>Chrislophori</span> <span class='ocrx_word' id='word_1_302' title='bbox 1239 2071 1281 2101; x_wconf 79' lang='lat'>12</span> <span class='ocrx_word' id='word_1_303' title='bbox 1307 2078 1361 2111; x_wconf 79' lang='lat' dir='ltr'>sp,</span> <span class='ocrx_word' id='word_1_304' title='bbox 1389 2088 1433 2092; x_wconf 82' lang='grc'><strong>-</strong></span> <span class='ocrx_word' id='word_1_305' title='bbox 1472 2068 1608 2101; x_wconf 75' lang='lat' dir='ltr'>Insulis</span> 
     </span>
     <span class='ocr_line' id='line_1_33' title="bbox 89 2123 1605 2170; baseline 0.002 -14"><span class='ocrx_word' id='word_1_306' title='bbox 89 2123 142 2157; x_wconf 86' lang='lat' dir='ltr'>St.</span> <span class='ocrx_word' id='word_1_307' title='bbox 169 2123 369 2167; x_wconf 79' lang='lat' dir='ltr'>Domingo,</span> <span class='ocrx_word' id='word_1_308' title='bbox 405 2126 652 2170; x_wconf 83' lang='lat' dir='ltr'>Guadalupae</span> <span class='ocrx_word' id='word_1_309' title='bbox 681 2131 713 2159; x_wconf 89' lang='lat' dir='ltr'>et</span> <span class='ocrx_word' id='word_1_310' title='bbox 742 2125 924 2159; x_wconf 85' lang='lat' dir='ltr'>Marianis</span> <span class='ocrx_word' id='word_1_311' title='bbox 955 2129 988 2167; x_wconf 77' lang='lat'>13</span> <span class='ocrx_word' id='word_1_312' title='bbox 1027 2126 1210 2159; x_wconf 77' lang='lat' dir='ltr'>Peruviae</span> <span class='ocrx_word' id='word_1_313' title='bbox 1237 2131 1273 2160; x_wconf 82' lang='lat' dir='ltr'>et</span> <span class='ocrx_word' id='word_1_314' title='bbox 1297 2126 1452 2169; x_wconf 86' lang='lat' dir='ltr'>imperio</span> <span class='ocrx_word' id='word_1_315' title='bbox 1479 2126 1605 2159; x_wconf 79' lang='lat' dir='ltr'>Mexi-</span> 
     </span>
     <span class='ocr_line' id='line_1_34' title="bbox 86 2184 1604 2227; baseline 0.002 -12"><span class='ocrx_word' id='word_1_316' title='bbox 86 2193 180 2216; x_wconf 88' lang='lat' dir='ltr'>cano</span> <span class='ocrx_word' id='word_1_317' title='bbox 198 2187 239 2223; x_wconf 78' lang='lat'>53</span> <span class='ocrx_word' id='word_1_318' title='bbox 266 2184 649 2227; x_wconf 82' lang='lat' dir='ltr'>imperioMexicano‚</span> <span class='ocrx_word' id='word_1_319' title='bbox 677 2185 796 2218; x_wconf 84' lang='lat' dir='ltr'>Javae</span> <span class='ocrx_word' id='word_1_320' title='bbox 819 2189 856 2218; x_wconf 86' lang='lat' dir='ltr'>et</span> <span class='ocrx_word' id='word_1_321' title='bbox 871 2185 1088 2218; x_wconf 83' lang='lat' dir='ltr'>Austrasiae</span> <span class='ocrx_word' id='word_1_322' title='bbox 1116 2185 1247 2218; x_wconf 82' lang='lat' dir='ltr'>insulis</span> <span class='ocrx_word' id='word_1_323' title='bbox 1278 2188 1317 2224; x_wconf 88' lang='lat' dir='ltr'>l;</span> <span class='ocrx_word' id='word_1_324' title='bbox 1347 2185 1604 2219; x_wconf 77' lang='lat' dir='ltr'>promontorio</span> 
     </span>
     <span class='ocr_line' id='line_1_35' title="bbox 87 2241 1603 2285; baseline 0.001 -11"><span class='ocrx_word' id='word_1_325' title='bbox 87 2241 216 2275; x_wconf 87' lang='lat' dir='ltr'>Bonae</span> <span class='ocrx_word' id='word_1_326' title='bbox 253 2241 341 2285; x_wconf 91' lang='lat' dir='ltr'>Spei</span> <span class='ocrx_word' id='word_1_327' title='bbox 384 2247 420 2275; x_wconf 91' lang='lat' dir='ltr'>et</span> <span class='ocrx_word' id='word_1_328' title='bbox 450 2243 557 2277; x_wconf 82' lang='lat' dir='ltr'>Asiae</span> <span class='ocrx_word' id='word_1_329' title='bbox 599 2244 802 2277; x_wconf 81' lang='lat' dir='ltr'>continenti</span> <span class='ocrx_word' id='word_1_330' title='bbox 844 2247 880 2283; x_wconf 82' lang='lat'>1;</span> <span class='ocrx_word' id='word_1_331' title='bbox 927 2244 1066 2277; x_wconf 81' lang='lat' dir='ltr'>Insulis</span> <span class='ocrx_word' id='word_1_332' title='bbox 1103 2243 1334 2277; x_wconf 81' lang='lat' dir='ltr'>Mascarenis</span> <span class='ocrx_word' id='word_1_333' title='bbox 1373 2245 1412 2282; x_wconf 88' lang='lat' dir='ltr'>l;</span> <span class='ocrx_word' id='word_1_334' title='bbox 1454 2243 1603 2276; x_wconf 83' lang='lat' dir='ltr'>Insulae</span> 
     </span>
     <span class='ocr_line' id='line_1_36' title="bbox 83 2299 1600 2346; baseline 0.002 -14"><span class='ocrx_word' id='word_1_335' title='bbox 83 2299 203 2333; x_wconf 84' lang='lat' dir='ltr'>Javae</span> <span class='ocrx_word' id='word_1_336' title='bbox 229 2303 262 2333; x_wconf 83' lang='lat'>2.</span> <span class='ocrx_word' id='word_1_337' title='bbox 314 2300 444 2334; x_wconf 86' lang='lat' dir='ltr'>Indiae</span> <span class='ocrx_word' id='word_1_338' title='bbox 470 2302 713 2336; x_wconf 85' lang='lat' dir='ltr'>occidentalis</span> <span class='ocrx_word' id='word_1_339' title='bbox 741 2302 879 2336; x_wconf 87' lang='lat' dir='ltr'>Insulis</span> <span class='ocrx_word' id='word_1_340' title='bbox 907 2304 1073 2344; x_wconf 74' lang='lat' dir='ltr'>OEubae,</span> <span class='ocrx_word' id='word_1_341' title='bbox 1102 2303 1313 2342; x_wconf 78' lang='lat' dir='ltr'>Jamaicae,</span> <span class='ocrx_word' id='word_1_342' title='bbox 1341 2302 1600 2346; x_wconf 80' lang='lat' dir='ltr'>Guadalupae,</span> 
     </span>
     <span class='ocr_line' id='line_1_37' title="bbox 84 2358 1599 2405; baseline 0.003 -14"><span class='ocrx_word' id='word_1_343' title='bbox 84 2358 319 2399; x_wconf 64' lang='lat' dir='ltr'>Martfflicae,</span> <span class='ocrx_word' id='word_1_344' title='bbox 349 2360 580 2400; x_wconf 67' lang='lat' dir='ltr'>Baffladoes,</span> <span class='ocrx_word' id='word_1_345' title='bbox 608 2362 663 2395; x_wconf 89' lang='lat' dir='ltr'>St.</span> <span class='ocrx_word' id='word_1_346' title='bbox 695 2361 893 2404; x_wconf 85' lang='lat' dir='ltr'>Domingo,</span> <span class='ocrx_word' id='word_1_347' title='bbox 921 2362 1127 2402; x_wconf 77' lang='lat' dir='ltr'>Trinitatis,</span> <span class='ocrx_word' id='word_1_348' title='bbox 1156 2362 1211 2395; x_wconf 89' lang='lat' dir='ltr'>St.</span> <span class='ocrx_word' id='word_1_349' title='bbox 1240 2361 1507 2405; x_wconf 84' lang='lat' dir='ltr'>Cbristophori,</span> <span class='ocrx_word' id='word_1_350' title='bbox 1545 2361 1599 2395; x_wconf 80' lang='lat' dir='ltr'>St.</span> 
     </span>
     <span class='ocr_line' id='line_1_38' title="bbox 84 2417 1598 2463; baseline 0.003 -13"><span class='ocrx_word' id='word_1_351' title='bbox 84 2417 228 2458; x_wconf 87' lang='lat' dir='ltr'>Crucis,</span> <span class='ocrx_word' id='word_1_352' title='bbox 255 2417 529 2460; x_wconf 87' lang='lat' dir='ltr'>St.Vincentii,</span> <span class='ocrx_word' id='word_1_353' title='bbox 550 2420 792 2460; x_wconf 85' lang='lat' dir='ltr'>St.Thomae‚</span> <span class='ocrx_word' id='word_1_354' title='bbox 813 2420 1080 2463; x_wconf 86' lang='lat' dir='ltr'>St.Johannis)</span> <span class='ocrx_word' id='word_1_355' title='bbox 1106 2420 1142 2453; x_wconf 89' lang='lat' dir='ltr'>in</span> <span class='ocrx_word' id='word_1_356' title='bbox 1165 2420 1376 2454; x_wconf 71' lang='lat' dir='ltr'>universum</span> <span class='ocrx_word' id='word_1_357' title='bbox 1391 2424 1437 2455; x_wconf 82' lang='lat'>58</span> <span class='ocrx_word' id='word_1_358' title='bbox 1455 2421 1598 2463; x_wconf 79' lang='lat' dir='ltr'>species</span> 
     </span>
     <span class='ocr_line' id='line_1_39' title="bbox 81 2477 1595 2523; baseline 0.003 -15"><span class='ocrx_word' id='word_1_359' title='bbox 81 2486 161 2509; x_wconf 87' lang='lat' dir='ltr'>esse</span> <span class='ocrx_word' id='word_1_360' title='bbox 180 2477 341 2517; x_wconf 89' lang='lat' dir='ltr'>invenio,</span> <span class='ocrx_word' id='word_1_361' title='bbox 368 2488 526 2522; x_wconf 88' lang='lat' dir='ltr'>quarum</span> <span class='ocrx_word' id='word_1_362' title='bbox 555 2482 597 2512; x_wconf 83' lang='lat'>14</span> <span class='ocrx_word' id='word_1_363' title='bbox 624 2479 706 2513; x_wconf 85' lang='lat' dir='ltr'>aliis</span> <span class='ocrx_word' id='word_1_364' title='bbox 733 2479 839 2513; x_wconf 85' lang='lat' dir='ltr'>terris</span> <span class='ocrx_word' id='word_1_365' title='bbox 866 2490 1082 2513; x_wconf 88' lang='lat' dir='ltr'>communes</span> <span class='ocrx_word' id='word_1_366' title='bbox 1106 2484 1191 2512; x_wconf 86' lang='lat' dir='ltr'>sunt</span> <span class='ocrx_word' id='word_1_367' title='bbox 1209 2482 1254 2512; x_wconf 75' lang='lat'>42</span> <span class='ocrx_word' id='word_1_368' title='bbox 1274 2484 1396 2513; x_wconf 85' lang='lat' dir='ltr'>autern</span> <span class='ocrx_word' id='word_1_369' title='bbox 1413 2479 1595 2523; x_wconf 87' lang='lat' dir='ltr'>propriae.</span> 
     </span>
     <span class='ocr_line' id='line_1_40' title="bbox 81 2533 1593 2581; baseline 0.003 -15"><span class='ocrx_word' id='word_1_370' title='bbox 81 2533 304 2568; x_wconf 87' lang='lat' dir='ltr'>Communes</span> <span class='ocrx_word' id='word_1_371' title='bbox 320 2540 407 2569; x_wconf 85' lang='lat' dir='ltr'>sunt.</span> <span class='ocrx_word' id='word_1_372' title='bbox 424 2537 606 2571; x_wconf 81' lang='lat' dir='ltr'>Brasiliae</span> <span class='ocrx_word' id='word_1_373' title='bbox 628 2541 663 2571; x_wconf 87' lang='lat' dir='ltr'>et</span> <span class='ocrx_word' id='word_1_374' title='bbox 679 2537 900 2579; x_wconf 80' lang='lat' dir='ltr'>Guianae83</span> <span class='ocrx_word' id='word_1_375' title='bbox 923 2538 1106 2571; x_wconf 82' lang='lat' dir='ltr'>Brasiliae</span> <span class='ocrx_word' id='word_1_376' title='bbox 1123 2542 1158 2572; x_wconf 89' lang='lat' dir='ltr'>et</span> <span class='ocrx_word' id='word_1_377' title='bbox 1176 2538 1330 2581; x_wconf 89' lang='lat' dir='ltr'>imperio</span> <span class='ocrx_word' id='word_1_378' title='bbox 1344 2539 1545 2572; x_wconf 82' lang='lat' dir='ltr'>Mexicano</span> <span class='ocrx_word' id='word_1_379' title='bbox 1566 2543 1593 2577; x_wconf 84' lang='grc'>1;</span> 
     </span>
     <span class='ocr_line' id='line_1_41' title="bbox 80 2591 1593 2639; baseline 0.003 -16"><span class='ocrx_word' id='word_1_380' title='bbox 80 2591 233 2635; x_wconf 88' lang='lat' dir='ltr'>imperio</span> <span class='ocrx_word' id='word_1_381' title='bbox 249 2593 452 2630; x_wconf 89' lang='lat' dir='ltr'>Mexicano</span> <span class='ocrx_word' id='word_1_382' title='bbox 474 2599 511 2638; x_wconf 92' lang='lat'>1;</span> <span class='ocrx_word' id='word_1_383' title='bbox 539 2597 720 2631; x_wconf 87' lang='lat' dir='ltr'>Brasiliae</span> <span class='ocrx_word' id='word_1_384' title='bbox 737 2603 773 2632; x_wconf 90' lang='lat' dir='ltr'>et</span> <span class='ocrx_word' id='word_1_385' title='bbox 791 2598 941 2631; x_wconf 88' lang='lat' dir='ltr'>Insulae</span> <span class='ocrx_word' id='word_1_386' title='bbox 955 2598 1098 2632; x_wconf 83' lang='lat' dir='ltr'>Owaihi</span> <span class='ocrx_word' id='word_1_387' title='bbox 1124 2602 1152 2639; x_wconf 80' lang='lat'>13</span> <span class='ocrx_word' id='word_1_388' title='bbox 1183 2598 1365 2631; x_wconf 87' lang='lat' dir='ltr'>Brasiliae</span> <span class='ocrx_word' id='word_1_389' title='bbox 1387 2601 1423 2630; x_wconf 83' lang='lat' dir='ltr'>et</span> <span class='ocrx_word' id='word_1_390' title='bbox 1441 2597 1593 2629; x_wconf 81' lang='lat' dir='ltr'>Insulae</span> 
     </span>
     <span class='ocr_line' id='line_1_42' title="bbox 78 2649 1592 2701; baseline 0.005 -20"><span class='ocrx_word' id='word_1_391' title='bbox 78 2649 196 2682; x_wconf 85' lang='lat' dir='ltr'>Javae</span> <span class='ocrx_word' id='word_1_392' title='bbox 234 2653 274 2691; x_wconf 84' lang='lat' dir='ltr'>l;</span> <span class='ocrx_word' id='word_1_393' title='bbox 315 2652 450 2688; x_wconf 88' lang='lat' dir='ltr'>Insulis</span> <span class='ocrx_word' id='word_1_394' title='bbox 480 2654 713 2690; x_wconf 87' lang='lat' dir='ltr'>Mascarenis</span> <span class='ocrx_word' id='word_1_395' title='bbox 741 2659 782 2697; x_wconf 86' lang='lat' dir='ltr'>l;</span> <span class='ocrx_word' id='word_1_396' title='bbox 818 2656 1076 2692; x_wconf 83' lang='lat' dir='ltr'>Promontorio</span> <span class='ocrx_word' id='word_1_397' title='bbox 1107 2658 1234 2691; x_wconf 86' lang='lat' dir='ltr'>Bonae</span> <span class='ocrx_word' id='word_1_398' title='bbox 1262 2657 1350 2701; x_wconf 87' lang='lat' dir='ltr'>Spei</span> <span class='ocrx_word' id='word_1_399' title='bbox 1385 2661 1421 2690; x_wconf 89' lang='lat' dir='ltr'>et</span> <span class='ocrx_word' id='word_1_400' title='bbox 1456 2657 1592 2689; x_wconf 75' lang='lat' dir='ltr'>Insulis</span> 
     </span>
     <span class='ocr_line' id='line_1_43' title="bbox 78 2707 1587 2760; baseline 0.006 -21"><span class='ocrx_word' id='word_1_401' title='bbox 78 2707 260 2741; x_wconf 86' lang='lat' dir='ltr'>Marianis</span> <span class='ocrx_word' id='word_1_402' title='bbox 290 2713 319 2743; x_wconf 94' lang='lat' dir='ltr'>l.</span> <span class='ocrx_word' id='word_1_403' title='bbox 371 2712 417 2746; x_wconf 84' lang='lat' dir='ltr'>Et</span> <span class='ocrx_word' id='word_1_404' title='bbox 448 2714 630 2757; x_wconf 89' lang='lat' dir='ltr'>plurimae</span> <span class='ocrx_word' id='word_1_405' title='bbox 665 2715 814 2759; x_wconf 85' lang='lat' dir='ltr'>quidem</span> <span class='ocrx_word' id='word_1_406' title='bbox 851 2717 994 2759; x_wconf 80' lang='lat' dir='ltr'>species</span> <span class='ocrx_word' id='word_1_407' title='bbox 1029 2718 1105 2760; x_wconf 77' lang='lat'>(18)</span> <span class='ocrx_word' id='word_1_408' title='bbox 1139 2717 1185 2750; x_wconf 85' lang='lat' dir='ltr'>ad</span> <span class='ocrx_word' id='word_1_409' title='bbox 1222 2718 1311 2750; x_wconf 68' lang='lat' dir='ltr'>haec</span> <span class='ocrx_word' id='word_1_410' title='bbox 1344 2726 1461 2759; x_wconf 88' lang='lat' dir='ltr'>usque</span> <span class='ocrx_word' id='word_1_411' title='bbox 1490 2721 1587 2748; x_wconf 72' lang='lat' dir='ltr'>‘tem-</span> 
     </span>
     <span class='ocr_line' id='line_1_44' title="bbox 77 2768 1587 2819; baseline 0.005 -20"><span class='ocrx_word' id='word_1_412' title='bbox 77 2777 165 2808; x_wconf 85' lang='lat' dir='ltr'>pora</span> <span class='ocrx_word' id='word_1_413' title='bbox 200 2768 374 2803; x_wconf 88' lang='lat' dir='ltr'>inventae</span> <span class='ocrx_word' id='word_1_414' title='bbox 410 2777 498 2805; x_wconf 88' lang='lat' dir='ltr'>sunt</span> <span class='ocrx_word' id='word_1_415' title='bbox 531 2773 568 2806; x_wconf 88' lang='lat' dir='ltr'>in</span> <span class='ocrx_word' id='word_1_416' title='bbox 605 2774 735 2808; x_wconf 86' lang='lat' dir='ltr'>Insula</span> <span class='ocrx_word' id='word_1_417' title='bbox 768 2775 822 2808; x_wconf 89' lang='lat' dir='ltr'>St.</span> <span class='ocrx_word' id='word_1_418' title='bbox 850 2773 1127 2819; x_wconf 88' lang='lat' dir='ltr'>Christophori‚</span> <span class='ocrx_word' id='word_1_419' title='bbox 1170 2787 1243 2808; x_wconf 83' lang='lat' dir='ltr'>rev.</span> <span class='ocrx_word' id='word_1_420' title='bbox 1276 2774 1450 2808; x_wconf 78' lang='lat' dir='ltr'>Breutelii</span> <span class='ocrx_word' id='word_1_421' title='bbox 1487 2785 1587 2812; x_wconf 77' lang='lat' dir='ltr'>cura,</span> 
     </span>
     <span class='ocr_line' id='line_1_45' title="bbox 75 2830 1587 2873; baseline 0.005 -15"><span class='ocrx_word' id='word_1_422' title='bbox 75 2836 230 2869; x_wconf 80' lang='lat' dir='ltr'>quarum</span> <span class='ocrx_word' id='word_1_423' title='bbox 274 2830 316 2860; x_wconf 78' lang='lat'>12</span> <span class='ocrx_word' id='word_1_424' title='bbox 347 2830 519 2873; x_wconf 89' lang='lat' dir='ltr'>propriae</span> <span class='ocrx_word' id='word_1_425' title='bbox 557 2838 643 2866; x_wconf 88' lang='lat' dir='ltr'>sunt</span> <span class='ocrx_word' id='word_1_426' title='bbox 678 2833 740 2867; x_wconf 87' lang='lat' dir='ltr'>isti</span> <span class='ocrx_word' id='word_1_427' title='bbox 776 2834 940 2873; x_wconf 58' lang='lat' dir='ltr'>insulam</span> <span class='ocrx_word' id='word_1_428' title='bbox 988 2843 1034 2867; x_wconf 84' lang='lat' dir='ltr'>ex</span> <span class='ocrx_word' id='word_1_429' title='bbox 1074 2834 1200 2867; x_wconf 86' lang='lat' dir='ltr'>Insula</span> <span class='ocrx_word' id='word_1_430' title='bbox 1239 2834 1293 2866; x_wconf 81' lang='lat' dir='ltr'>St.</span> <span class='ocrx_word' id='word_1_431' title='bbox 1321 2831 1507 2865; x_wconf 86' lang='lat' dir='ltr'>Vincentii</span> <span class='ocrx_word' id='word_1_432' title='bbox 1547 2837 1587 2865; x_wconf 78' lang='lat'>13</span> 
     </span>
     <span class='ocr_line' id='line_1_46' title="bbox 74 2884 1585 2936; baseline 0.007 -20"><span class='ocrx_word' id='word_1_433' title='bbox 74 2884 216 2927; x_wconf 82' lang='lat' dir='ltr'>species</span> <span class='ocrx_word' id='word_1_434' title='bbox 254 2886 433 2921; x_wconf 80' lang='lat' dir='ltr'>habemus</span> <span class='ocrx_word' id='word_1_435' title='bbox 481 2894 516 2922; x_wconf 89' lang='lat' dir='ltr'>et</span> <span class='ocrx_word' id='word_1_436' title='bbox 548 2890 642 2924; x_wconf 84' lang='lat' dir='ltr'>inter</span> <span class='ocrx_word' id='word_1_437' title='bbox 676 2902 740 2926; x_wconf 81' lang='lat' dir='ltr'>eas</span> <span class='ocrx_word' id='word_1_438' title='bbox 781 2894 791 2924; x_wconf 88' lang='lat' dir='ltr'>l</span> <span class='ocrx_word' id='word_1_439' title='bbox 834 2891 947 2926; x_wconf 86' lang='lat' dir='ltr'>solam</span> <span class='ocrx_word' id='word_1_440' title='bbox 986 2892 1134 2936; x_wconf 83' lang='lat' dir='ltr'>reliquis</span> <span class='ocrx_word' id='word_1_441' title='bbox 1170 2891 1299 2927; x_wconf 82' lang='lat' dir='ltr'>insulis</span> <span class='ocrx_word' id='word_1_442' title='bbox 1334 2901 1585 2933; x_wconf 81' lang='lat' dir='ltr'>communen1;</span> 
     </span>
    </p>
   </div>
  </div>
 </body>
</html>
