1824 3252
689 177 998 222 Jungermannia.
1565 178 1628 209 129

206 296 248 329 In
279 294 405 328 Insuia
434 292 646 327 Borboniae
673 292 763 335 legit
791 292 950 336 Boryus.

205 352 340 386 Difl'ert
372 364 393 386 a
418 353 456 387 J.
482 351 659 386 serv-zelata
684 351 757 387 Sw.
791 351 960 386 sotiorum
997 353 1034 384 et
1067 348 1420 393 amphigastriorum
1454 346 1630 381 dentibus

108 412 291 453 incurvis,
317 411 600 447 conniventibus
626 411 711 455 (nee
737 411 896 452 strictis,
929 408 1248 453 divergenfibus),
1283 407 1630 452 amphigastriorum

109 474 225 509 forma
252 472 483 508 subrotu'nda
519 471 605 514 (nec
641 469 1066 515 ovato-subquadrata)
1100 471 1138 502 et
1173 467 1394 508 directione,
1431 477 1516 500 nam
1553 470 1629 500 tota

108 539 196 568 sunt
221 533 416 567 incurvata
443 531 530 575 (neo
557 529 747 574 superiore
774 533 882 574 parte
907 529 1075 572 reflexa).

344 630 422 661 100.
472 625 909 671 Jnmyermmmia
946 624 1164 659 ammata
1201 621 1246 656 N.
1265 622 1321 678 -ab
1349 622 1393 656 E.

203 699 243 733 J.
276 698 372 732 caule
403 704 512 731 erecto
547 708 699 736 ramoso,
725 694 833 740 foliis
870 701 967 729 arcte
1002 693 1193 728 imbricatis
1217 694 1527 727 ovato-truncatis
1551 694 1630 728 sub-

108 756 373 803 conduplieatis,
408 755 774 802 duplicato-dentatis
807 754 903 799 apice
929 753 1127 799 his-bifidis
1152 752 1205 786 vel
1226 753 1453 798 quadrifidis,
1489 754 1627 800 amphi-

104 817 251 861 yaseriis
274 816 410 860 maym's
435 815 543 848 ovatis
568 813 915 859 duplicato-dentatis
941 813 1077 858 bfidis,
1096 813 1300 858 periantlzio
1324 813 1429 847 tereti
1451 819 1630 847 attenuato

108 876 259 916 incurvo,
275 875 381 920 foliis
409 873 677 908 involucralibus
696 873 818 918 parvis
842 871 1085 916 conformibus.

298 935 567 976 Jungermannia
595 942 722 964 armata
751 930 916 964 Gottsche
942 930 994 964 Ie.
1024 931 1117 976 Hep.
1144 932 1265 965 inedie.

296 993 564 1036 Jungermanuia
593 993 749 1023 uncinata
778 990 824 1023 N.
843 989 885 1024 ab
909 990 956 1023 E.
983 990 1020 1022 in
1048 989 1179 1024 .Enum.
1201 990 1253 1036 pl.
1280 997 1390 1037 crypt.
1417 992 1497 1027 Jav.
1526 993 1627 1027 FaSt'.

383 1051 414 1084 I.
434 1062 473 1096 p.
498 1052 558 1084 21.
585 1061 620 1084 η.
647 1052 705 1084 20.

205 1109 362 1144 Habitat
390 1109 482 1144 inter
509 1119 657 1143 muscos
683 1108 804 1142 Javae
831 1108 879 1142 ad
905 1112 1053 1143 terram.

206 1207 284 1238 101.
334 1204 779 1250 Junyermamnia
803 1204 1146 1239 haematoaes
1175 1203 1300 1238 Lehm.
1319 1208 1355 1236 et
1376 1203 1533 1247 Lindbg.

200 1275 239 1308 J.
272 1275 369 1309 caule
402 1281 512 1309 erecto
544 1275 810 1316 ramosiuscuw,
842 1273 950 1320 foliis
990 1273 1184 1307 imbricatis
1224 1273 1447 1307 2·ert1·calibus
1477 1275 1631 1307 secundis

105 1333 239 1380 oblique
264 1336 374 1369 ovatis
399 1335 646 1382 conduplicatis
679 1336 777 1381 apice
810 1334 922 1379 bifidis
955 1334 1281 1379 ampleiyastriisque
1307 1335 1415 1367 oratis
1437 1333 1629 1367 convoluto-

106 1394 348 1429 canaliculatis
371 1397 418 1429 ad
442 1396 589 1428 medium
615 1407 720 1440 usque
746 1394 861 1439 bifidis
885 1394 1210 1433 serrato-dentatis,
1231 1393 1433 1439 periantlrio
1453 1393 1632 1427 terminali

106 1453 492 1502 elonyato-pyramidali
516 1455 692 1500 triquetro
717 1466 774 1487 ore
800 1453 920 1499 trifido
946 1452 1075 1486 eiliato.

300 1516 572 1557 Iungermannia
610 1513 833 1545 haematodes
879 1512 923 1545 L.
957 1518 991 1545 et
1018 1512 1061 1545 L.
1101 1512 1138 1545 in
1178 1511 1299 1545 Lehm.
1340 1512 1434 1556 Puy.
1467 1511 1519 1557 pl.
1562 1512 1628 1545 IV.

378 1584 417 1617 p.
444 1575 502 1606 42.
528 1584 562 1605 n.
590 1575 622 1605 8.
674 1571 836 1605 Gottsclte
863 1571 916 1604 Ic.
943 1571 1036 1616 Hep.
1065 1570 1185 1605 inedit.

298 1631 568 1672 Jungermannia
595 1632 768 1663 rufescens
801 1629 1012 1663 Wickstrb'm
1038 1631 1075 1663 in
1103 1629 1216 1662 Herb.
1246 1628 1366 1663 Lelmz.

179 1689 212 1729 β,
234 1687 416 1732 yracilz‘or.

382 1749 651 1790 Jungermaunia
679 1748 953 1792 Guadalupensis
981 1747 1093 1781 Herb.
1122 1748 1254 1793 Hamp-

204 1806 365 1840 Habitat
390 1806 426 1840 in
455 1806 582 1840 Insula
610 1807 835 1851 Guadalupe
863 1807 954 1851 (Hb.
982 1807 1037 1849 L.,
1063 1807 1142 1850 Lg.‚
1171 1807 1231 1849 N.)
1260 1817 1336 1841 var.
1359 1809 1380 1848 β
1404 1807 1441 1839 in
1463 1806 1626 1850 Hb‚Hp.

106 1875 154 1898 ex
181 1865 256 1899 Hb.
285 1866 442 1909 Spreng.

200 1925 307 1958 obs.
358 1928 393 1959 J.
419 1924 593 1959 serrulam
626 1924 717 1967 Sw.‚
753 1925 969 1969 praesertim
997 1925 1158 1959 varietas
1183 1924 1263 1959 eius
1288 1925 1310 1964 β
1337 1924 1548 1959 brasiliensis
1575 1926 1625 1958 l*

98 1995 356 2029 purpurascens
381 1984 433 2027 (J.
459 1983 633 2018 serrulam
660 1986 681 2024 β
701 1996 882 2030 purpurea
909 1985 1033 2020 Hook.
1054 1984 1440 2018 Bot.Misce11.Fasc.
1460 1983 1490 2016 Ι.
1517 1994 1554 2027 p.
1571 1986 1626 2017 13.

105 2043 180 2076 tab.
213 2043 306 2086 10.),
344 2043 554 2085 simillima,
594 2043 718 2077 differt
752 2048 898 2078 tamen:
936 2043 1034 2077 foliis
1074 2043 1306 2077 brevioribus
1345 2042 1467 2076 minus
1500 2042 1626 2076 incisis

105 2112 173 2135 nec
200 2103 387 2144 secundis,
414 2102 612 2136 denticulis
640 2102 912 2143 ciliisormibus,
938 2101 1101 2136 maxime
1128 2114 1214 2137 vero
1241 2102 1517 2146 amphigastriis
1531 2102 1622 2135 sub-

105 2161 273 2196 rotundis
307 2162 448 2205 planis,
484 2172 554 2196 nec
588 2162 709 2196 ovatis
745 2162 1049 2206 subcomplicatis
1084 2163 1140 2196 ve}
1175 2161 1434 2195 canaliculatis
1459 2161 1622 2205 patenti-

105 2220 306 2261 reclinatis,
333 2225 370 2254 et
396 2220 593 2264 perianthii
620 2232 683 2255 ore
709 2221 830 2256 trifido
857 2222 994 2256 ciliato.

200 2278 292 2312 Var.
321 2278 342 2316 β
370 2280 491 2313 differt
517 2284 660 2313 statura
688 2281 906 2323 angustiori,
932 2281 1030 2315 soliis
1048 2280 1251 2314 minoribus
1272 2279 1410 2324 pallide
1428 2279 1625 2322 purpureis

103 2340 140 2370 et
166 2338 422 2381 amphigastrii
449 2339 530 2372 sinu
559 2339 762 2382 angustiori
798 2340 1017 2384 laciniisque
1042 2339 1288 2382 integerrimis
1315 2349 1382 2372 nec
1415 2343 1623 2373 extrorsum

103 2395 280 2430 dentatis.
334 2397 440 2431 Retis
466 2397 636 2431 maculae
671 2398 851 2433 limitibus
883 2398 1019 2433 crassis
1050 2403 1284 2443 separantur.
1336 2398 1439 2432 Dens
1475 2398 1624 2441 amphi—

104 2455 233 2498 gastrii
266 2467 381 2500 prope
415 2467 436 2490 a
471 2456 551 2490 basi
586 2457 791 2500 prominet,
826 2469 910 2492 raro
944 2458 1153 2492 distinctior
1188 2462 1225 2492 et
1260 2458 1476 2500 subulatus‚
1512 2467 1623 2500 saepe

104 2514 229 2557 anguli
257 2515 374 2549 forma
400 2526 531 2559 parum
559 2516 777 2560 conspicui3
802 2515 841 2550 in
867 2517 1121 2561 superioribus
1148 2516 1244 2551 foliis
1270 2517 1387 2551 deest.

353 2607 430 2638 102.
481 2606 920 2650 ,tunger-mannia
948 2609 1223 2651 pulc-holla
1251 2607 1376 2642 Hook.

197 2674 237 2707 J.
265 2674 361 2708 caule
385 2676 540 2720 elongato
566 2682 677 2710 erecto
692 2677 916 2723 subsimplicz',
931 2677 1039 2723 soliis
1057 2677 1364 2713 semivertiealibus
1381 2675 1623 2721 subquadratis

102 2732 310 2777 quaequlfidis
332 2734 657 2780 amphiyastriisque
673 2734 754 2769 latis
767 2735 949 2782 5-6-fidis
963 2737 1100 2772 laciniis
1120 2738 1246 2772 obtusis
1263 2736 1404 2778 ematis,
1421 2733 1621 2780 perianthio

102 2790 256 2824 tubulos«)
280 2792 411 2837 apicem
435 2806 550 2827 versus
572 2793 702 2839 plicato
725 2807 783 2829 ore
808 2795 937 2831 ciliaco.

292 2853 558 2895 Jungermannia
585 2854 754 2896 pulchella
785 2855 901 2889 Hook.
928 2856 1043 2890 Musc.
1069 2861 1158 2890 eaeot.
1186 2861 1209 2888 t.
1237 2857 1296 2889 94.

198 2910 240 2943 In
268 2910 351 2944 sinu
383 2910 511 2953 Dusky
543 2911 622 2955 Bay
651 2912 782 2948 Novae
810 2914 1036 2949 Zeelandiae
1064 2913 1252 2957 (Menzies
1279 2913 1315 2946 in
1342 2911 1416 2946 Hb.
1445 2910 1552 2954 Hk.).

1168 2996 1186 3021 9
