1824 3252
156 189 228 221 538
677 185 715 219 M
722 185 925 219 archantia.
991 185 1166 220 Preissia.

410 303 470 334 27.
521 299 868 334 Mau-chautim
892 300 1201 335 Per-aviana
1239 300 1286 334 N.
1314 301 1362 335 ab
1390 301 1431 334 E.

253 360 307 393 M.
325 358 535 405 receptaculo
548 358 709 404 femineo
734 359 870 403 inteyro
894 358 1091 403 subyloboso
1111 359 1230 393 subtus
1238 360 1467 405 pedieelloqvae
1481 360 1554 395 basi
1574 360 1687 395 breri-

150 419 284 464 pilosis,
299 419 432 464 fronde
457 418 649 452 dichotoma
676 417 857 452 laciusmde
882 418 1009 452 lineari
1034 418 1152 452 subtus
1176 419 1223 452 ad
1245 425 1370 452 costam
1396 432 1603 465 esquamosa.

347 478 540 511 Grimaldia
566 479 756 511 Pcruviaua
783 479 831 512 N.
858 484 890 512 et
916 477 973 513 M.
1010 478 1128 514 Mont.
1154 479 1191 512 in
1216 477 1416 525 d'Orbiyny
1447 480 1580 526 Voyaye
1604 482 1688 515 dans

432 535 584 571 I’Ambr.
609 538 736 571 mbr-id.
765 538 851 572 Boc.
873 550 912 583 p.
939 540 1000 573 63.
1631 535 1634 537 ’

252 595 414 630 Habitat
441 596 489 630 ad
517 601 657 630 terram
684 597 875 632 humidam
909 602 947 632 et
981 608 1077 632 saxa
1110 597 1147 631 in
1174 597 1358 633 umbrosis
1385 599 1522 633 montis
1549 600 1687 634 excelsi

153 665 268 699 prope
297 655 484 700 1rupana,
531 655 702 700 inprimis
737 657 820 691 loco
849 657 922 692 Rio
956 658 1004 691 de
1030 656 1149 692 Chica
1181 657 1282 692 dicto
1311 658 1497 693 Peruviae
1532 658 1687 693 ineunte

153 714 325 756 Augusto
358 725 485 750 mense
519 715 617 750 lecta
653 725 675 749 a
702 715 916 761 d'Orbigny
951 716 1009 760 (in
1037 716 1114 750 Hb.
1141 716 1243 752 Mus.
1273 717 1396 753 Paris.
1425 729 1462 752 n.
1489 721 1581 759 226,
1611 719 1685 753 Hb.

153 772 206 808 M.
235 779 272 808 et
300 774 375 818 N.).

250 833 407 877 Species
433 834 600 870 maxime
625 834 792 878 incerta,
827 846 925 881 quoe
960 837 1008 871 ob
1035 837 1300 881 scyphulorum
1325 837 1685 882 propaguliferorum

153 894 406 935 praesentiam
433 895 532 929 inter
559 895 821 940 Marchantias
850 896 1043 930 referenda
1071 901 1141 939 est,
1168 896 1343 941 aquibus
1362 901 1487 932 tamen
1513 902 1685 942 recepta-

151 953 236 988 culo
262 955 431 990 masculo
457 955 578 991 sessili
607 956 693 998 (nisi
719 966 821 992 error
848 955 972 1000 adest)
997 955 1131 990 differt.

463 1040 523 1072 28.
574 1037 922 1072 Marc-kantiam
943 1037 1156 1080 plicata
1183 1037 1231 1072 N.
1258 1037 1306 1072 ab
1333 1038 1375 1072 E.

247 1093 304 1129 M.
332 1096 540 1142 receptaculo
568 1123 575 1130 .
605 1123 612 1130 .
641 1122 648 1130 .
664 1096 798 1142 fronde
822 1096 1083 1131 mmnhranaeea
1106 1095 1225 1131 subtus
1250 1098 1474 1132 transversim
1498 1100 1686 1134 undulato-

152 1155 326 1190 lamellosa
356 1157 528 1203 pilosula,
572 1158 701 1204 apicem
736 1169 855 1191 versus
887 1155 1038 1190 dilatata
1073 1156 1181 1190 ineisa
1218 1155 1357 1191 laciniis
1389 1156 1512 1191 Iobatis
1545 1157 1684 1201 obtusis,

154 1215 369 1259 »faminibus
394 1216 890 1262 cartilayineo-denticulatis,
917 1215 1129 1262 receptaculo
1157 1242 1164 1250 .
1194 1241 1202 1250 .
1231 1242 1240 1251 .

343 1276 553 1309 Marchantia
579 1278 703 1319 plicata
730 1276 780 1310 N.
807 1282 839 1308 et
865 1274 923 1309 M.
950 1275 988 1308 in
1016 1274 1210 1320 Illontayne
1237 1275 1333 1309 Ceut.
1358 1275 1409 1322 pl.
1434 1275 1505 1309 cell.
1533 1284 1621 1311 eoeot.
1648 1279 1686 1311 iu

430 1334 529 1368 Anu.
564 1336 620 1369 des
644 1347 688 1369 sc.
716 1342 789 1369 nat.
829 1337 864 1369 2.
891 1333 1004 1368 Serio.
1032 1334 1117 1368 Bot.
1145 1334 1220 1369 IX.
1242 1347 1280 1381 p.
1306 1337 1366 1369 43.
1393 1347 1428 1369 η.
1455 1338 1514 1371 73.
1567 1336 1682 1371 Mont.

429 1394 467 1427 in
492 1394 692 1441 (I'Ol'biyny
723 1394 805 1441 Voy.
832 1395 918 1428 dans
942 1393 1095 1428 Z’Ame‘r.
1122 1395 1246 1429 mbricl.
1276 1394 1360 1430 Bot.
1390 1408 1430 1441 p.
1455 1398 1515 1430 57.

248 1451 409 1486 Habitat
447 1453 484 1486 in
524 1453 714 1488 Peruviae
758 1452 946 1488 montanis
984 1453 1032 1486 ad
1077 1456 1214 1487 terram
1249 1454 1341 1488 locis
1378 1454 1463 1489 udis
1495 1457 1682 1500 sylvarum

149 1509 246 1544 inter
261 1511 393 1555 Cliupe
420 1515 457 1546 et
481 1512 701 1547 Janacach&
732 1512 955 1547 Provinciae
969 1512 1128 1556 Yungas
1163 1512 1387 1558 (d'Orbigny
1414 1513 1451 1548 in
1479 1514 1555 1549 Hb.
1586 1526 1688 1551 mus..

151 1567 272 1603 Paris.
299 1581 334 1604 n.
361 1574 432 1606 209
459 1577 496 1606 et
524 1572 599 1607 Hb.
628 1572 681 1609 M.
709 1576 746 1606 et
775 1572 824 1607 N.
851 1583 888 1606 n.
915 1573 991 1615 90).

245 1628 365 1664 Frons
394 1631 646 1675 bipoHicaris,
683 1632 790 1676 apice
826 1631 998 1676 pollicem
1027 1632 1103 1666 lata
1136 1634 1172 1666 et
1197 1631 1297 1676 quod
1325 1632 1512 1673 excurrit,
1539 1632 1680 1676 viridis,

150 1697 263 1730 supra
290 1689 406 1724 laevis
433 1691 534 1734 poris
561 1690 710 1733 exiguis
737 1690 801 1725 vix
829 1691 1151 1732 observabilibus,
1187 1691 1234 1724 ad
1261 1691 1448 1735 margines
1474 1694 1682 1737 squamulis

149 1746 274 1788 parvis
321 1750 504 1784 truncatis
545 1736 690 1785 'albidis
732 1751 939 1792 fimbriata,
999 1756 1104 1786 costa
1154 1744 1278 1785 media
1329 1751 1499 1787 obsoleta
1548 1753 1681 1787 subtus

148 1805 371 1843 densissime
410 1809 540 1845 villoso
564 1810 831 1852 -radiculosa‚
880 1810 1001 1854 plicas
1040 1813 1214 1844 arcuatas
1258 1809 1435 1856 utrinque
1474 1812 1679 1847 emittente.

148 1865 242 1900 Tota
268 1868 409 1911 pagina
434 1869 589 1904 inferior
614 1870 700 1914 pilis
727 1870 820 1904 raris
846 1870 1026 1915 brevibus
1052 1869 1236 1913 inspersa,
1262 1868 1405 1911 viridis,
1432 1871 1617 1914 pallidior.

245 1926 288 1960 In
315 1928 483 1963 sectione
508 1929 630 1972 prima
655 1929 764 1963 iuxta
789 1929 847 1964 M.
864 1929 1128 1975 polymorplzam
1154 1928 1377 1963 collocanda
1401 1929 1557 1965 videtur.

457 2002 596 2054 Species
620 2021 637 2042 e
656 2020 781 2053 ywere
806 2008 1123 2042 Illarclaeantiarum
1147 2007 1363 2043 excludenda.

448 2082 473 2122 †
510 2080 858 2115 Marchwntia
872 2080 1136 2125 japonica
1159 2078 1373 2122 Thunberg.

246 2137 283 2172 T
281 2137 444 2184 lambet-9.
473 2138 552 2175 Cat.
580 2140 678 2174 Mus.
709 2139 792 2186 Ups.
818 2158 866 2164 —
898 2139 993 2174 Web.
1022 2138 1211 2172 Prodrom.
1230 2150 1271 2184 p.
1303 2140 1383 2174 107.
1407 2151 1441 2172 η.
1473 2142 1526 2174 10.

243 2196 483 2243 Quamquam
535 2199 807 2244 Hepaticarum
865 2198 987 2233 ordini
1037 2201 1189 2242 propter
1250 2197 1392 2231 frondis
1442 2199 1677 2242 superficiem

147 2255 363 2298 areolatam,
389 2258 608 2308 cellularum
635 2262 861 2293 structuram
889 2261 926 2292 et
951 2257 1139 2292 radiculas
1167 2256 1361 2291 tubulosas
1379 2255 1523 2291 interne
1545 2258 1674 2292 tuber-

147 2315 294 2350 culosas
329 2316 614 2352 adnumeranda
657 2316 827 2359 videtur,
865 2320 991 2351 tamen
1024 2327 1164 2360 genus,
1207 2320 1307 2352 certe
1340 2316 1490 2351 omnino
1525 2328 1675 2360 novum,

146 2375 358 2410 accuratius
383 2375 647 2421 inquirendum
673 2380 741 2411 est.

454 2481 590 2524 LIII.
636 2481 763 2533 (IV.)
802 2481 1098 2527 Preissia
1130 2480 1190 2523 N.
1223 2483 1276 2523 ab
1309 2481 1362 2523 E.

147 2564 181 2597 in
208 2563 327 2599 Limll.
355 2564 493 2598 Introd.
520 2564 571 2599 ed.
598 2565 634 2598 2.
653 2576 693 2609 p.
720 2566 803 2598 414.
864 2563 999 2609 Hepat.
1025 2563 1160 2609 Europ.
1187 2562 1256 2596 IV.
1284 2574 1325 2607 p.
1351 2562 1513 2598 XXIX.
1540 2571 1571 2597 et
1596 2568 1673 2601 113.

144 2621 338 2656 Encllicher
366 2623 453 2658 Gen.
482 2636 520 2670 p.
549 2626 655 2658 1338.
691 2635 726 2657 n.
753 2626 837 2658 471.
899 2622 1067 2657 Preissia
1092 2626 1130 2657 et
1155 2620 1453 2666 Chomiocarpon
1491 2622 1606 2658 Corda
1639 2626 1675 2660 in

146 2681 253 2727 Opit:
282 2678 400 2718 Beitr'.
428 2683 459 2717 I.
479 2695 520 2729 p.
547 2685 632 2718 647.
659 2695 694 2716 η.
722 2685 745 2717 4
769 2688 801 2716 et
826 2685 862 2717 5.
926 2680 1181 2726 Conocephali
1207 2691 1308 2725 spec.
1335 2680 1502 2715 Dumort.
1531 2682 1673 2718 Hiiben.

144 2740 408 2776 Marchantiae
433 2753 534 2787 spec.
562 2742 670 2777 Linn.
695 2748 726 2776 et
752 2748 860 2776 auen.

243 2812 542 2857 Receptaculum
561 2811 761 2847 femineum
776 2811 1086 2855 pedunculatum,
1102 2809 1452 2854 hemisphaericum,
1467 2809 1671 2844 herbaceo-

143 2868 317 2915 quadri-(
328 2870 509 2917 bi-tri-)
534 2871 661 2906 lobum
687 2870 803 2906 radiis
829 2869 926 2904 lobis
952 2869 1187 2904 brevioribus
1214 2869 1504 2904 costiformibus.
1554 2868 1668 2902 Invo-

143 2926 251 2963 lucra
278 2932 345 2973 tot,
372 2930 471 2975 quod
499 2934 627 2966 costae
653 2928 893 2974 receptaculi,
919 2928 1126 2974 iisdemque
1152 2930 1299 2972 latiora,
1326 2928 1423 2965 lobis
1445 2926 1671 2971 receptaculi
