1824 3252
716 163 964 207 Lopliocolea.
1531 170 1594 200 162·

81 280 234 323 munique
257 276 461 323 praesertim
483 275 675 321 fluecisbri
709 276 896 309 maioribus
929 273 1210 308 adscendentibus
1240 274 1452 319 prcfimdius
1485 277 1596 322 bifidi&>

79 339 298 382 set-ratisque,
325 335 589 381 ampliiyastriis
622 334 738 369 liberis
768 334 976 369 distantibus
1002 333 1124 379 parvis
1150 335 1259 368 ovatis
1283 335 1597 369 dentato-serratis

81 397 173 430 brevi
197 396 308 441 spatio
334 394 459 440 bifidis,
483 394 719 439 superioribus
744 393 943 436 maioribus,
959 392 1089 438 frudu
1114 393 1151 426 in
1175 405 1271 427 ramo
1297 393 1388 428 brevi
1409 395 1596 436 terminali,

75 455 273 500 periantltio
299 454 470 499 triquetro
495 452 633 497 anyulis
658 452 716 487 ala
741 452 852 494 nulla,
879 465 937 487 ore
962 452 1099 487 laciniis
1132 451 1246 497 bifidis
1272 451 1501 487 denticulatis.

275 513 436 547 Gottsclte
464 512 516 546 Ic.
544 512 636 558 Hep.
663 512 753 546 ined.

271 573 539 614 Jungermanuia
565 573 715 614 fragrans
752 571 868 605 BIoris
903 577 936 604 et
963 571 1003 605 de
1027 570 1172 604 Notaris
1209 570 1271 603 Fl.
1306 569 1410 615 Capr.
1440 581 1478 614 p.
1520 572 1597 604 177.

356 631 391 652 u.
422 621 501 654 114.
529 624 553 653 t.
580 618 667 663 6.f.
698 621 713 651 l
735 622 805 654 -7,
858 618 969 652 Herb.
998 617 1114 651 Mont.
1141 622 1174 651 et
1200 618 1301 652 Nees.
1328 629 1361 651 η.
1388 619 1470 670 2453

271 679 487 722 Lopbocolea
514 678 628 709 minor
655 690 722 709 var.
749 689 846 709 erosa
874 677 1015 722 Hampe
1040 676 1077 710 in
1102 676 1213 710 selted.

178 735 337 769 Habitat
354 736 390 769 in
412 735 562 779 pascuis
583 738 620 768 et
640 735 686 769 ad
707 746 817 779 rupes
834 735 1124 779 Ins.Caprariae
1139 734 1274 779 (Moris
1293 738 1328 768 et
1349 734 1394 767 de
1409 732 1597 778 Notaris);

81 804 194 838 prope
230 794 414 837 Neapolin
449 792 697 838 (Gasparini).
752 793 836 827 Vidi
870 794 907 827 in
938 794 1012 828 Hb.
1041 794 1116 837 Hp.
1143 792 1347 837 specimina
1381 792 1598 836 perianthiis

82 852 306 896 imperfectis
333 853 557 896 floribusque
584 851 759 886 masculis
787 852 969 895 praedita.

179 910 358 944 Proxima
392 911 484 944 baec
518 914 574 944 est
612 910 844 956 Loplzocoleae
869 911 1020 955 spic-atae
1055 910 1190 954 Taylor
1223 910 1286 944 ubi
1322 911 1428 953 vide,
1463 910 1597 956 quibus

82 971 176 1004 notis
203 971 319 1003 altera
346 970 392 1002 ab
420 970 535 1003 altera
563 969 714 1003 recedit.

176 1029 208 1062 A
236 1027 449 1074 Lophocolea
474 1027 710 1074 lieteroplzylla
736 1027 859 1061 differt
886 1027 1033 1062 abunde
1060 1026 1157 1061 foliis
1182 1026 1237 1070 (et
1262 1027 1306 1061 iis
1326 1026 1474 1071 quidem
1493 1028 1595 1061 hete-

83 1086 303 1131 romorphis)
341 1087 447 1131 apice
483 1090 613 1130 argute
646 1085 906 1127 denticulatis,
939 1086 1138 1120 denticulis
1171 1088 1276 1129 2-3‚
1308 1088 1529 1131 quandoque
1565 1091 1600 1120 et

83 1156 155 1179 uno
181 1146 344 1180 alterove
371 1145 514 1179 laterali
536 1145 750 1187 accedente,
777 1149 854 1178 tum
874 1145 1064 1179 floralibus
1083 1144 1234 1179 serratis
1252 1144 1599 1188 amphigastriisquc

82 1203 230 1237 omnino
256 1204 431 1246 diversis,
462 1204 582 1238 ovatis
608 1203 772 1239 dentatis
799 1203 920 1238 minus
946 1203 1131 1248 profunde
1158 1214 1201 1237 ac
1227 1202 1264 1237 in
1291 1202 1442 1247 reliquis
1470 1202 1600 1242 bifidis,

82 1262 257 1296 dentibus
279 1263 411 1296 acutis.
463 1262 683 1297 Perianthia
702 1263 867 1307 perfecta
885 1274 959 1297 non
976 1263 1063 1297 vidi.
1115 1263 1244 1297 Flores
1273 1265 1313 1305 0⁷⁸
1332 1260 1478 1304 spicati,
1504 1259 1600 1294 foliis

83 1321 372 1364 perigonialibus
398 1321 522 1366 parvis
549 1322 721 1363 dentatis,
748 1323 854 1356 caule
880 1321 967 1355 dein
994 1320 1146 1355 ulterius
1171 1323 1439 1364 procrescente.

415 1405 472 1435 33.
522 1402 854 1445 Lophoi-olea
880 1403 1092 1446 spicata
1116 1401 1263 1444 Taylor.

179 1463 222 1495 L.
250 1462 344 1496 caule
368 1469 509 1508 repente
534 1475 677 1505 ramoso,
694 1462 801 1508 foliis
825 1461 933 1495 ovatis
957 1458 1293 1493 suhlwrizontalibus
1305 1453 1600 1499 diver-sijbrmibus

86 1523 251 1568 (propter
275 1522 383 1567 apicis
408 1522 730 1567 emaryinaturam)
755 1521 851 1566 apice
875 1518 1306 1564 emm-,qinato-bidentazis
1328 1515 1382 1549 vel
1404 1515 1602 1549 tridentatis

86 1580 210 1622 (dente
252 1581 365 1614 medio
398 1581 571 1625 maffimo)
623 1582 674 1613 vel
704 1578 973 1625 pluridematis,
1015 1577 1276 1622 ampliiyastriis
1323 1574 1441 1607 liberis
1481 1574 1600 1618 parvis

86 1639 200 1683 bifidis
233 1651 347 1672 versus
380 1639 475 1672 basin
501 1640 601 1672 deme
633 1639 807 1672 interdum
832 1636 994 1677 munitis,
1019 1634 1151 1679 fructu
1177 1633 1374 1674 terminali,
1402 1632 1600 1677 periantlzio

81 1699 283 1742 prismatico
325 1698 460 1742 anyulis
493 1698 549 1731 αἶα
580 1697 696 1737 milla,
741 1708 798 1730 ore
825 1694 1031 1734 lac-inulam,
1070 1693 1206 1727 laciniis
1230 1691 1470 1731 denticulatis,
1495 1689 1601 1736 fhlz'is

87 1756 354 1791 involucralibus
401 1755 589 1790 maioribus
628 1756 725 1801 apice
766 1754 1013 1800 pluridentatis
1058 1753 1233 1786 interdum
1273 1749 1430 1794 margine
1472 1748 1600 1782 dorsali

86 1816 240 1858 serratis,
267 1815 516 1861 ampliiyastrio
541 1814 745 1848 involvet-ali
769 1820 865 1847 ovato
891 1813 1013 1858 bifido,
1050 1811 1188 1845 laciniis
1212 1810 1367 1855 maryine
1392 1811 1576 1854 anyulosis.

274 1876 542 1916 Jungetmannia
568 1875 692 1917 spicata
722 1871 853 1918 Taylor
876 1873 914 1905 in
939 1870 1081 1905 schedis.

278 1932 440 1965 Gottsehe
467 1931 564 1966 Icon.
593 1930 685 1976 Hep.
712 1931 832 1964 inedit.

184 1990 341 2024 Habitat
369 2002 482 2034 prope
511 1990 736 2023 Dunkerron
764 1988 982 2028 Hiberniae,
1019 1985 1082 2020 ubi
1109 1986 1178 2021 cel.
1204 1986 1339 2029 Taylor
1365 1986 1528 2029 plantam
1559 1990 1598 2028 0⁷*

88 2053 123 2083 ct
160 2047 184 2089 ᾗ)
220 2049 437 2093 perianthiis
463 2054 633 2083 onustam
665 2051 764 2083 1840.
791 2047 889 2091 legit.
943 2045 1087 2080 Crescit
1112 2045 1148 2078 in
1177 2044 1308 2089 Hypno
1334 2053 1416 2077 cum
1432 2042 1600 2087 Lejezmia

86 2108 327 2155 seiyiyllifolia.

186 2168 382 2209 Proxima,
410 2172 450 2201 ut
476 2167 548 2201 ian]
576 2167 802 2207 monuimus,
830 2170 885 2199 est
913 2163 1143 2209 Lophocoleae
1157 2162 1366 2208 frayrtmti,
1392 2164 1514 2194 tamen
1542 2160 1601 2193 di-

89 2235 196 2258 versa
229 2225 385 2260 videtur.
452 2225 596 2260 Stcrilis
644 2226 768 2259 forsan
815 2223 987 2266 cognosci
1023 2226 1144 2267 potest
1186 2220 1360 2256 dentibus
1400 2219 1601 2253 maioribus

89 2283 280 2325 foliorum,
315 2284 402 2318 dum
430 2286 468 2318 in
503 2285 546 2319 L.
562 2285 755 2330 fmyrcmte
781 2283 950 2317 foliorum
984 2281 1108 2325 apices
1133 2278 1352 2313 denticulati
1376 2282 1517 2312 tantum
1545 2278 1601 2310 vel

89 2342 184 2376 erosi
212 2342 393 2378 videntur.
448 2343 583 2377 Planta
611 2342 770 2377 feminea
798 2341 986 2375 fructifera
1007 2340 1103 2374 foliis
1124 2337 1448 2383 perichaetialibus
1467 2337 1603 2370 biden—

89 2401 174 2436 tatis
201 2402 352 2437 serratis
378 2403 521 2444 differt,
561 2403 648 2436 dum
674 2402 711 2436 in
740 2401 784 2434 L.
799 2400 995 2446 fi·ayi·aizte
1021 2398 1109 2433 folia
1133 2396 1412 2441 periebaetialia
1438 2394 1603 2438 repanda

90 2463 145 2498 vel
174 2462 405 2506 emarginata
430 2461 680 2503 inveniuntur,
707 2458 936 2503 marginibus
961 2462 998 2492 et
1025 2457 1130 2501 apice
1154 2454 1395 2491 denticulata.

280 2547 339 2579 34.
390 2543 719 2586 zephae-olea
745 2540 1016 2575 discedens
1043 2537 1169 2572 Lehm.
1199 2540 1235 2569 et
1259 2534 1417 2578 Lindbg.

188 2604 232 2637 L.
267 2603 363 2637 caule
399 2609 537 2648 repente
568 2613 718 2642 ramoso,
748 2598 855 2643 foliis
887 2597 1137 2643 adproximatis
1169 2592 1469 2629 semivertiealibus
1498 2593 1604 2625 anatis

91 2662 284 2705 anqustalis
309 2661 563 2706 diveryentihus
588 2660 703 2694 obtuse
729 2655 1150 2703 emaryinato-lzidentulis
1174 2652 1491 2698 meyero-imisque,
1530 2661 1602 2683 am—

88 2719 295 2764 plziyastriis
328 2720 443 2754 liberis
469 2720 678 2754 distantibus
708 2716 1040 2753 ovato-lanceolatis
1072 2715 1188 2760 bifidis
1212 2713 1368 2757 maryine
1394 2708 1602 2745 Iacimclatis,

81 2778 210 2822 fructu
236 2804 244 2813 .
274 2804 281 2812 .

280 2839 544 2880 Jungermannia
572 2838 752 2872 discedens
788 2837 831 2870 L.
859 2842 891 2870 et
919 2835 962 2870 L.
997 2836 1034 2868 in
1065 2833 1183 2867 Lelim.
1221 2831 1314 2874 Puy.
1339 2827 1387 2873 pl.
1420 2828 1462 2860 V.
1500 2827 1601 2859 1833,

363 2896 400 2930 p.
426 2887 460 2918 3.
487 2896 522 2918 n.
548 2889 581 2919 3.
