1824 3252
125 218 197 251 394
790 210 984 254 Lejeunia.

125 327 218 362 sculi>
242 338 365 372 maquo
388 325 606 370 inteyerrimo
626 323 827 356 unidentato
852 329 885 356 et
910 321 1160 364 sufficientum,
1188 322 1331 370 patellis
1353 325 1512 358 suctoriis
1536 325 1644 359 ovatis

124 386 279 430 mmyine
302 383 473 418 radicellz's
488 383 621 417 ornatis
641 382 677 415 in
702 388 816 415 ventre
840 382 948 416 caulis
974 384 1073 416 iuxta
1097 382 1236 427 sinyula
1248 383 1358 428 folia,
1386 384 1643 430 ampliiyastriis

124 444 276 479 obsoletis
308 444 378 484 vel,
412 443 443 476 si
473 442 617 481 adsunt,
651 442 770 486 parvis
802 441 1200 488 duplicatis-bipartitis
1234 442 1371 476 laciniis
1394 443 1644 489 ‹liveryentibus

125 500 505 542 lanceolato-subulatis,
519 500 650 546 ³fructa
678 526 685 534 .
715 526 722 534 .
751 526 759 534 .
812 500 971 535 Gottsclze
998 501 1092 535 Icon.
1120 502 1262 547 Lejeun.
1289 501 1336 535 V.
1362 505 1420 536 34.

315 561 583 603 Jungermaunia
610 562 797 603 marginata
824 560 867 595 L.
894 567 925 594 et
951 561 1017 605 Ly.
1045 562 1078 594 in
1106 561 1225 595 Lelim.
1253 574 1325 595 nov.
1351 568 1383 595 et
1408 563 1522 596 minus
1548 575 1641 607 coyn.

400 619 500 665 stirp.
530 619 626 664 Puy.
647 619 696 653 V.
723 619 852 664 (1833)
870 633 910 666 p.
942 623 995 655 ll.
1023 632 1057 654 η.
1087 623 1142 653 ll.

317 678 481 720 Lejeunia
509 678 874 722 hyalino-marginata
903 679 950 713 N.
978 678 1020 713 ab
1047 679 1092 712 E.
1119 679 1155 712 in
1182 679 1299 713 Mont.
1327 678 1389 713 Pl.
1420 677 1532 712 cellul.
1567 692 1642 713 exo-

400 737 509 782 tiques
536 737 589 771 II.
620 736 719 772 Ceut.
746 738 780 771 in
808 738 941 772 Annal.
969 739 1027 772 cles
1051 751 1095 772 sc.
1124 745 1196 772 nat.
1231 741 1265 772 2.
1293 737 1370 774 Ser.
1396 738 1509 773 XIV.
1540 743 1643 774 1840.

392 809 431 842 p.
456 799 540 831 335,
570 796 706 831 Collect.
734 797 906 843 Leprieur
931 810 966 831 η.
993 801 1076 833 655.

195 871 234 895 α,
262 856 511 898 ampbigastriis
539 858 652 888 nullis.

196 916 235 955 β,
262 915 512 959 ampbigastriis
539 917 657 949 medio
685 930 703 949 a
729 919 859 961 patellis
887 919 993 950 tectis.

219 974 363 1009 Crescit
389 975 425 1008 in
454 976 580 1009 Insula
598 975 779 1017 Mauritii‚
807 976 843 1009 in
871 976 966 1010 foliis
982 975 1166 1022 ZlIemecyli
1190 976 1322 1010 cordati
1346 975 1450 1009 Lam.
1470 974 1643 1020 (Presl.);

123 1035 159 1067 in
188 1034 275 1069 solio
301 1034 461 1079 quodam
489 1047 572 1069 cum
603 1036 680 1081 Lej.
708 1037 893 1070 trematocle
917 1035 1012 1079 (Hb.
1030 1036 1082 1069 M.
1110 1041 1147 1069 et
1164 1035 1241 1080 N.).
1292 1035 1382 1069 Var.
1410 1039 1432 1078 β
1458 1037 1495 1070 in
1515 1035 1642 1069 Insula

123 1095 349 1139 Guadalupa
377 1095 468 1138 (Hb.
496 1095 526 1128 L
565 1099 602 1130 et
629 1095 725 1138 Lg.).

217 1155 249 1188 A
276 1155 443 1201 Lejeunia
462 1154 640 1200 pellucido
677 1153 844 1198 inprimis
878 1154 1000 1188 differt
1038 1153 1313 1198 ampliigastriis
1340 1155 1396 1188 vel
1421 1154 1474 1197 (in
1501 1166 1578 1190 var.
1605 1158 1644 1200 α)

122 1213 271 1247 omnino
298 1213 410 1248 nullis
436 1214 514 1248 sive
542 1214 666 1259 potius
695 1225 715 1247 a
742 1214 1002 1248 radicellarum
1023 1213 1282 1254 suctoriarum,
1310 1213 1390 1247 basi
1411 1213 1447 1247 in
1466 1215 1643 1257 patellam

123 1271 400 1313 confluentium,
427 1272 606 1307 fasciculo
632 1273 844 1316 oppressis,
872 1273 928 1307 vel
956 1273 1009 1316 (in
1038 1273 1169 1316 vahl-³3)
1203 1272 1332 1306 saltem
1360 1273 1486 1316 parvis
1512 1280 1548 1307 et
1573 1274 1642 1308 sub

124 1332 381 1365 radicellarum
418 1331 482 1365 illo
518 1332 697 1366 fasciculo
736 1332 963 1373 reconditis,
1002 1336 1079 1365 tum
1108 1331 1276 1365 soliorum
1305 1331 1547 1376 amplioribus
1572 1332 1644 1367 illis

122 1390 277 1424 maculis
303 1390 426 1425 minus
451 1401 563 1435 quam
590 1391 627 1424 in
654 1391 754 1424 dicta
783 1391 907 1434 specie
935 1391 1167 1434 conspicuis,
1204 1391 1382 1433 marginis
1408 1396 1536 1426 contra
1564 1392 1640 1426 cel-

123 1450 207 1483 lulis
242 1449 424 1492 elongatis
463 1451 701 1494 maximeque
738 1450 953 1494 pellucidis,
997 1461 1105 1494 porro
1143 1450 1254 1484 dente
1292 1450 1406 1484 lobuli
1446 1450 1503 1484 vel
1543 1451 1644 1485 nullo

124 1507 272 1542 omnino
299 1509 356 1542 vel
386 1510 544 1545 breviori
574 1510 718 1551 saltem,
745 1510 932 1544 interdum
959 1514 996 1544 et
1023 1509 1120 1543 binis
1147 1509 1228 1543 eius
1254 1510 1335 1543 loco
1362 1509 1571 1544 denticulis.

422 1605 504 1637 208.
554 1603 814 1648 Dejeunia
839 1604 1073 1638 cuneata
1100 1602 1140 1636 L.
1169 1605 1206 1636 et
1233 1602 1351 1646 Ldbg.

214 1662 258 1696 L.
291 1661 386 1695 caule
417 1668 555 1707 repente
587 1675 730 1707 ramoso⁴
744 1662 919 1707 flexuoSO,
947 1661 1053 1706 foliis
1085 1661 1278 1695 imbricatis
1314 1660 1455 1705 oblonyo
1486 1662 1643 1695 rotundis

120 1717 248 1753 obtusis
272 1721 504 1765 inteyerrimis
536 1723 690 1755 conveaeis
725 1721 882 1766 maryine
915 1719 1063 1754 ventrali
1093 1721 1139 1754 ad
1168 1721 1295 1766 apicem
1327 1719 1535 1766 snbinflexo,
1572 1720 1645 1755 basi

119 1777 237 1813 subtus
270 1779 335 1813 late
367 1780 579 1826 complicatis
611 1781 721 1814 lohulo
754 1793 877 1825 mayno
905 1780 1011 1826 plano
1043 1780 1227 1813 rotundato
1260 1786 1456 1815 trimcato‘ce
1488 1781 1644 1825 maryine

120 1838 331 1879 unfflentato,
357 1840 617 1886 amplziyastriIs
641 1839 807 1878 obsoletis,
823 1840 956 1883 fructu.
984 1865 991 1873 .
1020 1865 1028 1873 .
1057 1865 1064 1873 .

310 1900 577 1942 Jungermannia
606 1910 745 1932 cuneata
772 1899 816 1932 L.
832 1905 863 1932 et
880 1899 946 1942 Ly.
964 1899 999 1932 in
1018 1899 1139 1933 Lelem.
1156 1899 1312 1945 qu-pl·
1329 1899 1446 1945 IV.p.
1465 1901 1524 1933 56.
1543 1903 1641 1934 ⁷123.

311 1958 474 1998 Lejeunia
501 1959 639 2000 obliqua
668 1958 715 1991 N.
741 1964 773 1990 et
801 1957 856 1990 M.
884 1959 921 1990 in
947 1958 1063 1991 Mont.
1093 1958 1189 2000 Ceut.
1218 1958 1288 1994 IV.
1319 1960 1357 1992 in
1382 1959 1479 1993 Ami.
1505 1960 1563 1993 des
1592 1971 1638 1993 sc.

397 2022 470 2049 nat.
497 2019 531 2049 2.
559 2016 636 2050 Ser.
664 2015 748 2049 Bot.
776 2017 894 2050 XIX.
923 2018 1045 2060 (1843)
1067 2029 1105 2062 p.
1132 2019 1216 2051 264.
1242 2029 1277 2052 n.
1303 2021 1363 2052 56.

216 2071 376 2106 Habitat
407 2073 443 2107 in
472 2075 601 2108 Insula
628 2075 813 2108 Franciae
850 2075 941 2117 (Hb.
969 2075 1010 2108 L.
1039 2080 1075 2109 et
1100 2076 1205 2119 Lg.);
1250 2076 1288 2110 in
1316 2076 1466 2111 Guiana
1493 2077 1639 2112 Gallica

120 2142 203 2165 cum
230 2132 274 2166 L.
300 2132 482 2179 omyphylla
508 2138 545 2168 et
571 2134 816 2169 Surinamensi
839 2134 1037 2178 (Leprieur
1057 2135 1094 2169 in
1124 2135 1201 2169 Hb.
1227 2128 1280 2170 M.
1307 2140 1343 2170 et
1369 2135 1447 2181 N.).

415 2228 500 2260 209.
550 2227 811 2273 mejeunia
836 2228 1191 2272 cardiacam-pa
1219 2228 1336 2263 Mont.

214 2289 258 2322 L.
284 2288 378 2323 caule
401 2296 537 2335 repente
559 2303 643 2335 tra-qe
668 2303 819 2332 ramoso,
847 2293 955 2325 ramis
980 2291 1141 2337 confertis
1167 2291 1338 2333 brevibus,
1353 2291 1460 2338 foliis
1479 2292 1637 2326 sublim-i-

117 2347 311 2382 zoutolibus
332 2347 598 2394 ovato-oblmiyis
614 2351 782 2394 contiyuis
798 2357 860 2383 aut
877 2350 1133 2385 subimbricatis
1146 2351 1262 2397 planis
1276 2351 1349 2385 basi
1359 2350 1478 2385 subtus
1496 2351 1636 2397 inflexo-

116 2407 325 2454 complicatis
356 2407 466 2442 lobulo
489 2416 632 2453 aiiyzcsto
657 2408 712 2443 vel
734 2410 921 2443 rotundato
945 2411 1041 2455 apice
1066 2410 1468 2457 crispato-palmulatis,
1501 2412 1635 2457 amplii-

112 2469 256 2511 yastriis
292 2467 465 2508 obsoletis,
508 2468 707 2514 periantliio
746 2468 947 2502 sublaterali
980 2469 1048 2503 late
1079 2469 1261 2504 obem-dato
1293 2477 1503 2515 pentaqono,
1547 2470 1635 2516 stylo

115 2534 256 2569 esserto,
281 2527 421 2573 capsula
444 2534 555 2562 ovata.
607 2528 768 2562 Gottsclze
795 2528 891 2562 Icon.
919 2528 1063 2574 Lejemz.
1091 2529 1160 2564 VI.
1191 2532 1245 2563 14.

307 2587 470 2628 Lejeunia
506 2588 726 2631 ca'rdiocarpa
763 2587 880 2621 flIont.
918 2589 956 2620 in
982 2588 1121 2621 Rumon
1153 2589 1192 2621 (le
1217 2587 1250 2621 la
1275 2588 1392 2633 Sayra
1428 2589 1506 2624 hist.
1536 2590 1638 2638 phys.v

388 2645 489 2691 polit.
515 2653 547 2679 et
571 2652 645 2681 nat.
671 2647 712 2680 de
739 2646 847 2681 Cuba.
878 2647 1040 2693 Ctyptoy.
1063 2659 1101 2692 p.
1129 2650 1210 2681 476.
1237 2645 1306 2680 tab.
1339 2651 1389 2682 18.
1405 2648 1444 2692 f.
1471 2652 1507 2684 4.

213 2703 372 2738 Habitat
398 2705 435 2739 in
462 2705 560 2739 foliis
588 2704 782 2751 Calophylli
809 2705 958 2740 Calabae
984 2705 1020 2739 in
1048 2706 1178 2740 Insula
1204 2706 1325 2740 Cuba.

212 2761 321 2802 Quae
347 2763 435 2797 folia
461 2764 551 2798 dicit
578 2764 696 2799 Mont.
724 2765 943 2808 palmulata,
975 2766 1123 2800 omnino
1149 2766 1246 2800 hunc
1273 2767 1492 2811 adspectum
1519 2779 1629 2813 prae-

116 2820 222 2862 bent;
250 2832 296 2855 an
323 2826 443 2856 status
468 2823 686 2857 morbosus?
734 2824 854 2858 Vides
881 2824 978 2858 enim
1007 2825 1150 2869 apicem
1179 2825 1254 2859 solii
1282 2826 1404 2861 colore
1431 2826 1539 2861 viridi
1567 2832 1632 2862 aut

114 2879 338 2915 flavescente
377 2881 616 2925 distinctum,
660 2883 725 2917 sed
765 2888 957 2927 praeterea
1007 2884 1194 2928 conspicis
1236 2885 1391 2920 cellulas
1433 2887 1630 2922 nonnullas

114 2938 262 2974 omnino
297 2941 524 2985 diaphanas,
566 2943 603 2977 in
641 2954 788 2988 quoque
822 2943 910 2978 folio
946 2943 1079 2978 varias.
1102 2944 1229 2987 (etiam
1266 2944 1303 2979 in
1335 2944 1523 2981 nonnullis
1556 2955 1628 2980 non
