1824 3252
675 198 875 242 Fegatella.
929 197 1129 234 Reboulia.
1594 206 1667 238 :347

431 310 539 356 Enyl.
566 311 651 346 Bot.
683 319 707 346 t.
734 315 817 346 504.
870 311 983 345 Hook..
1020 311 1119 345 Brit.
1155 311 1215 346 Fl.
1254 311 1298 347 V.
1338 315 1366 345 l.
1397 326 1436 360 p.
1469 316 1545 348 103.
1572 327 1606 348 η.
1634 320 1668 349 3.

430 359 553 403 llffozey.
589 366 619 392 ct
656 359 766 393 Nestl.
803 359 858 394 St.
894 372 942 393 cr.
979 359 1205 403 V09.-Rl1en.
1244 373 1278 394 n.
1317 363 1400 395 247.
1462 361 1670 396 Schwein‘il:

430 406 523 451 Hep.
551 406 633 440 Am.
659 413 819 452 septemr.
842 418 879 452 p.
906 410 966 440 22.
992 418 1027 439 η.
1054 410 1088 440 4.

345 465 605 509 Conoceplralus
632 468 776 509 vulgaris
810 464 978 510 Biscliqff'
1003 466 1043 499 de
1071 465 1162 510 Hep.
1198 465 1235 498 in
1262 466 1349 499 Now.
1376 465 1458 500 Act.
1486 467 1553 501 Ac.
1583 468 1669 502 Nat.

431 511 519 546 Cur.
548 511 682 547 XVII.
717 516 751 546 2.
781 525 820 557 p.
846 516 928 547 979.
964 519 987 545 t.
1020 515 1078 547 68.
1104 513 1143 556 f.
1172 513 1239 550 IV.
1292 513 1348 547 De
1373 514 1518 548 Notaris
1553 516 1668 549 Prim.

429 560 519 605 Hep.
544 559 620 593 ital.
643 572 679 605 p.
706 563 764 594 53.
792 572 826 593 η.
853 564 910 594 68.

227 618 263 657 β,
298 618 478 663 decipiens,
504 619 592 650 lobis
616 620 774 650 masculis
795 620 835 650 ad
858 618 1273 662 speciempedunculusss,
1302 622 1516 662 receptaculo
1535 622 1668 664 singulo

298 679 451 719 margine
479 678 620 708 soliaceo
650 679 882 719 irregulariter
909 678 1025 708 lobalo
1053 678 1178 708 cincto.
1216 675 1376 718 (Forma
1400 681 1630 724 711072881‘08a.)

433 736 478 770 N.
505 734 547 769 ab
574 735 621 769 E.
648 736 739 780 Hep.
769 736 861 770 Eur.
886 736 959 770 le.
982 747 1018 781 p.
1051 737 1128 768 184.

234 804 269 831 γ,
297 797 518 837 receptaculis
547 796 705 826 femineis
733 795 987 826 subsessilibus.

252 851 409 886 Habitat
446 853 536 886 locis
585 852 769 886 umbrosis
808 852 1061 895 frigidioribus
1113 852 1159 885 ad
1211 853 1372 886 rivorum
1410 853 1509 897 ripas
1556 858 1670 892 totius

157 912 327 955 Europae
364 917 400 945 et
435 911 631 945 Americae
671 911 994 955 septentrionalis;
1039 912 1075 944 in
1116 911 1256 945 insulis
1292 911 1421 945 Azoris
1460 912 1669 960 (Watson).

158 969 246 1002 Var.
273 968 293 1005 β
327 970 373 1002 ad
400 980 545 1002 murum
574 969 677 1003 urbis
707 969 916 1012 Salisburgi
951 969 996 1002 cl.
1024 969 1210 1003 Sendtner
1245 969 1397 1004 invenit.
1458 972 1548 1006 Var.
1576 983 1600 1008 ν
1635 977 1670 1009 in

156 1028 260 1070 sylva
290 1028 501 1071 Hereynica
527 1029 614 1071 legit
640 1028 684 1061 cl.
713 1028 897 1063 VVallroth
926 1029 1021 1071 (Hb.
1052 1028 1132 1072 N.).

394 1121 546 1163 LVII.
596 1121 776 1172 (VIII.)
833 1121 1161 1166 Reboulia
1199 1122 1258 1164 N.
1291 1125 1344 1164 ab
1376 1124 1428 1165 E.

159 1203 349 1247 illontayne
372 1204 408 1236 ἱη
430 1202 530 1236 Webb
556 1210 587 1236 et
602 1202 784 1236 Bertltelot
804 1202 902 1235 Hac.
932 1202 1004 1235 Ins.
1028 1202 1157 1235 Canar.
1175 1203 1259 1237 Boc.
1280 1207 1392 1250 p.59.
1421 1206 1670 1253 (Reboullia).

157 1260 369 1294 Rebouillia
398 1261 517 1295 ledi
534 1263 569 1295 in
581 1262 705 1307 Opase.
731 1260 880 1303 scientis.
906 1261 943 1293 (Ζὶ
960 1259 1042 1293 Bol.
1071 1261 1123 1294 ΙΙ.
1145 1274 1183 1306 p.
1204 1265 1288 1297 357.
1338 1263 1565 1310 Be'scleqffde
1579 1268 1669 1315 Hep.

155 1323 191 1353 in
219 1321 305 1353 Non.
333 1320 414 1354 Act.
444 1321 556 1355 Acml.
584 1321 668 1353 Nat.
699 1319 784 1354 Cur.
811 1319 945 1353 XVII.
984 1323 1018 1352 2.
1049 1331 1087 1364 p.
1113 1324 1196 1355 970.
1221 1334 1256 1355 η.
1283 1325 1317 1355 3.
1344 1328 1369 1356 t.
1396 1324 1509 1368 69.f.
1541 1329 1571 1360 l.
1625 1329 1671 1361 N.

155 1380 197 1413 ab
223 1380 268 1414 E.
297 1380 389 1425 Hep.
417 1380 508 1413 Eur.
545 1380 613 1412 lV.
644 1392 680 1424 p.
707 1378 847 1412 XXX.
882 1384 914 1412 et
950 1381 1029 1412 197.
1062 1391 1096 1412 n.
1124 1382 1156 1414 8.
1219 1380 1411 1414 Emllz‘clzer
1437 1383 1522 1419 Gen.
1548 1398 1587 1430 p.
1613 1390 1673 1422 45,

155 1447 187 1473 et
217 1442 320 1473 13:38.
354 1452 388 1473 η.
413 1441 497 1473 468.
551 1438 843 1480 Rliakiocarpon
876 1443 907 1470 et
943 1436 1102 1470 Achiton
1140 1438 1255 1472 Corda
1288 1440 1325 1472 in
1354 1440 1461 1486 Opitz
1487 1443 1605 1480 Beitr.
1642 1447 1671 1480 I.

152 1502 299 1545 11.64S.
338 1511 372 1532 η.
413 1501 446 1532 8.
487 1504 519 1531 et
557 1501 640 1532 649.
678 1509 713 1531 w.
744 1500 799 1530 12.
863 1496 1093 1529 Grirnaldiae
1128 1508 1229 1541 spec.
1271 1499 1442 1533 Limlenb.
1475 1507 1507 1534 et
1533 1502 1671 1537 Haben.

158 1559 372 1602 Fegatellae
400 1568 500 1601 spec.
529 1556 632 1602 Tscyl.
683 1555 942 1589 Marchantiae
969 1565 1091 1597 specc.
1119 1556 1225 1591 Linn.
1252 1564 1283 1591 cc
1308 1565 1413 1592 aucte.

254 1628 549 1671 Receptaculum
577 1627 776 1661 femineum
798 1625 1090 1670 pedunculatum
1118 1626 1316 1670 (conicum,
1342 1629 1673 1674 hemisphaericuffl

157 1688 372 1731 pluriumve)
393 1686 706 1727 uni-sexlobum,
733 1685 827 1719 loliis
847 1695 963 1728 usque
983 1684 1028 1717 ad
1051 1685 1213 1719 medium
1240 1687 1315 1720 sere
1341 1687 1512 1724 discretis
1538 1694 1674 1728 crassis

158 1746 336 1780 lateribus
359 1746 395 1779 in
422 1745 612 1778 involucra
631 1744 780 1788 propria
802 1743 964 1777 bivalvia
991 1743 1228 1779 abeuntibus.
1282 1746 1525 1782 Pedunculus
1553 1750 1674 1787 frondi

157 1805 374 1845 continuus,
414 1804 495 1838 basi
533 1803 1036 1848 paleaceo-involucratus‚
1076 1803 1184 1846 apice
1222 1804 1413 1839 barbatus.
1474 1807 1675 1845 involucra

159 1864 307 1907 propria
335 1874 417 1896 cum
446 1863 612 1906 margine
638 1862 713 1897 lobi
745 1863 802 1896 sui
829 1862 1006 1896 continua
1035 1863 1207 1907 lineaque
1240 1863 1466 1908 depressiori
1500 1867 1674 1911 discreta,

161 1923 271 1966 paulo
309 1921 504 1961 tenuiora,
548 1922 639 1954 rima
683 1920 943 1963 longitudinali
983 1922 1030 1954 ab
1072 1921 1178 1965 apice
1217 1923 1264 1956 ad
1302 1923 1410 1958 basin
1446 1925 1676 1964 dehiscentia

159 1982 317 2026 ideoque
346 1980 519 2014 bivalvia.
571 1979 829 2013 Perianthium
858 1979 1012 2014 nullum.
1063 1980 1242 2024 Calyptra
1268 1982 1386 2016 ovalis
1413 1984 1486 2019 cito
1512 1986 1672 2022 disrum-

160 2050 272 2083 pens,
302 2040 348 2073 ad
376 2039 484 2072 basin
511 2038 653 2072 fructus
681 2042 833 2082 paterae
860 2038 977 2072 forma
1004 2039 1154 2073 residua
1181 2040 1395 2085 latensque,
1430 2043 1577 2080 demum
1604 2049 1673 2082 ob-

162 2098 292 2132 soleta.
344 2098 512 2141 Capsula
538 2108 560 2130 a
586 2097 706 2131 valvis
734 2097 917 2131 involucri
944 2098 1156 2139 recondita,
1190 2100 1435 2143 subglobosa,
1468 2102 1506 2136 in
1539 2106 1676 2140 vertice

160 2157 412 2201 irregulariter
439 2158 561 2190 lacera
590 2157 941 2200 suboperculatave‚
969 2157 1267 2199 membranacea,
1293 2158 1447 2194 inferius
1467 2162 1676 2206 reticulata,

163 2219 201 2260 (e
235 2222 350 2251 strato
383 2217 598 2250 cellularum
633 2216 865 2260 subsimplici
900 2216 1042 2260 absque
1076 2216 1178 2250 fibris
1211 2217 1454 2251 annularibus
1488 2226 1678 2267 constans)

162 2275 365 2318 calypt1·am
386 2275 611 2318 deprimens,
642 2274 860 2309 brevissime
880 2275 1116 2318 pedicessata,
1136 2275 1318 2319 pedicello
1343 2280 1580 2321 receptaculo
1604 2280 1674 2314 im-

164 2345 283 2368 merso
308 2336 394 2368 fixo.
446 2334 615 2367 Elateres
642 2334 715 2368 cito
742 2333 874 2376 soluti,
903 2334 1044 2378 bispiri.
1097 2334 1250 2368 Semina
1276 2345 1404 2378 grosse
1430 2336 1677 2373 tuberculata.
1700 2379 1703 2381 .

167 2393 420 2438 Receptacula
445 2393 613 2426 mascula
640 2393 798 2435 sessilia,
825 2392 1077 2436 disciformia,
1112 2398 1321 2429 antrorsum
1357 2396 1588 2439 emarginata
1615 2403 1679 2432 aut

163 2455 303 2495 lunata,
329 2452 601 2496 immarginata.

259 2510 460 2552 Vegetatio
487 2510 679 2553 frondosa,
708 2509 881 2553 rigidula,
909 2511 1121 2553 chartacea,
1151 2511 1261 2545 bifida
1283 2510 1464 2556 apiceque
1484 2511 1678 2555 innovans,

166 2574 265 2603 costa
293 2570 417 2603 media
442 2570 692 2604 validiuscula
718 2570 794 2604 lata
820 2569 1010 2612 distincta,
1037 2571 1232 2614 superficie
1259 2571 1548 2606 subexareolata
1580 2573 1679 2617 poris

167 2627 326 2670 sparsis,
363 2633 478 2664 strato
513 2631 705 2674 hypoporo
737 2640 944 2664 cavernoso
970 2629 1249 2674 dissepimentis
1275 2630 1509 2665 extrinsecus
1536 2633 1679 2667 areolas

168 2697 239 2719 non
264 2686 537 2723 definientibus.

265 2745 421 2780 Plantae
460 2747 682 2782 monticolae
728 2752 765 2782 et
800 2746 1018 2791 alpigenae‚
1061 2747 1162 2782 humi
1204 2752 1241 2781 et
1280 2747 1316 2782 in
1357 2748 1461 2782 saxis
1499 2749 1679 2784 muscosis

170 2803 355 2838 nudamve
381 2804 428 2838 ad
454 2808 588 2840 terram
616 2812 839 2842 crescentes.

264 2863 419 2906 Species
444 2865 684 2907 cognovimus
709 2869 744 2900 3.
795 2869 819 2901 2
843 2867 1030 2911 Europam
1057 2877 1140 2901 cum
1168 2865 1305 2902 Insulis
1332 2865 1463 2901 Azoris
1489 2869 1526 2900 et
1544 2866 1681 2901 Insulis

170 2921 354 2964 Canariis,
386 2925 398 2955 l
430 2922 561 2957 Javam
590 2924 751 2960 insulam
776 2926 990 2961 incolentes,

1314 3008 1387 3035 35·
