1824 3252
757 165 961 202 Frullania.
1542 169 1615 202 457

92 283 350 325 inveniuntur,
388 280 465 316 folii
500 280 733 315 altitudinem
771 282 975 325 aequantes
1009 288 1073 312 eas
1107 276 1400 312 observavimus.
1460 277 1613 323 Amphi-

86 343 225 388 ,φαεινὼ
250 345 374 383 ovata,
399 340 513 374 bifida
538 338 586 374 ad
613 340 760 374 tertiam
788 340 863 374 fere
891 337 1097 372 altitudinis
1123 340 1287 380 partem;
1321 335 1407 370 sinu
1433 340 1612 383 acutiore,

90 401 321 445 marginibus
343 399 561 434 lateralibus
579 398 769 441 involutis,
797 402 922 432 tamen
943 396 1079 431 lacinia
1096 396 1179 440 ipsa
1204 399 1241 430 et
1266 395 1368 430 sinus
1394 396 1613 440 saepissime

89 460 277 504 margines
311 459 443 503 planos
477 459 604 492 habet.
656 458 907 492 Perianthium
940 456 1104 491 sectione
1137 460 1350 489 transversa
1376 466 1608 500 compresso-

89 520 339 564 triangfflare,
392 519 502 553 dorso
542 519 704 560 sulcum,
756 521 884 551 ventre
924 515 1088 548 carinam
1133 514 1259 548 habet.
1341 513 1432 547 Post
1468 514 1612 550 fructus

89 589 280 623 egressum
308 577 468 621 angulus
494 577 659 611 lateralis
684 576 730 610 ad
759 575 954 610 dimidium
981 574 1056 608 sere
1084 573 1200 607 altero
1226 572 1286 606 vel
1312 576 1469 617 utroque
1495 573 1610 609 latere

89 637 269 678 dehiscit,
305 640 342 670 et
374 636 577 680 pedicellus
610 637 632 678 ἦ
668 635 732 670 lin.
770 635 914 678 apicem
947 631 1147 677 perianthii
1182 630 1412 674 longitudine
1446 636 1610 675 superat.

89 696 238 730 Pistilla
265 695 356 729 bina
383 695 533 728 adsunt.
568 694 727 728 Elateres
743 693 957 737 monospiri‚
984 691 1127 726 semina
1145 690 1337 726 tetra'edra
1358 691 1609 727 verruculosa.

87 754 186 788 Folia·
211 753 431 787 incolum-alis
464 754 572 788 Iobus
602 753 759 788 dorsalis
786 757 932 793 ovatus,
960 752 1067 795 apice
1093 751 1259 795 paullum
1286 750 1481 794 producto,
1507 749 1607 785 inte-

86 813 292 856 gerrimus,
332 817 397 846 aut
431 812 639 856 repandus,
675 816 740 845 aut
765 812 986 854 angulosus,
1036 813 1101 843 aut
1132 809 1255 844 valide
1290 813 1476 851 armatus;
1515 819 1609 854 quas

86 871 288 905 varietates
328 871 364 904 in
398 882 472 905 uno
505 871 709 915 eodemque
743 871 849 904 caule
883 869 990 904 simul
1018 869 1310 904 observavimus.
1361 869 1488 903 Lobus
1514 880 1606 904 ven-

85 930 191 963 tralis
216 930 583 964 ovato-lanceolatus
612 940 758 972 semper
786 928 1165 968 serrato-dentatus;
1192 938 1320 971 margo
1346 927 1497 961 interior
1523 931 1609 962 ante

85 989 235 1022 dentem
262 988 432 1021 intimum
455 987 605 1031 saepius
633 989 805 1021 reflexus.
858 986 1175 1030 Ampliigastrium
1211 986 1439 1021 involucrale
1474 986 1608 1028 maius,

84 1047 259 1088 bifidum,
294 1046 526 1090 marginibus
560 1047 734 1080 dentibus
767 1045 902 1079 validis
936 1046 1187 1089 irregulariter
1214 1051 1419 1088 armatum,
1459 1045 1496 1079 in
1533 1045 1606 1080 situ

83 1106 239 1140 normali
267 1107 784 1150 complicato-compressum.

340 1238 422 1270 104.
473 1236 762 1271 Frullanico
788 1234 1126 1269 clandestina
1154 1234 1201 1268 N.
1229 1234 1276 1268 ab
1305 1235 1346 1267 E.

177 1318 244 1352 Fr.
271 1317 367 1352 caule
385 1317 630 1363 procumbente
649 1318 830 1364 pinnatim
853 1329 999 1357 ramoso,
1014 1316 1120 1360 foliis
1145 1316 1335 1351 imbricatis
1359 1315 1603 1350 semicordato-

79 1376 279 1410 orbiculatis
310 1376 438 1410 obtusis
474 1376 649 1421 lobuloque
674 1376 860 1410 lanceolata
893 1383 993 1409 acuto
1016 1377 1134 1410 rarius
1158 1375 1296 1420 oblmzyo
1321 1375 1497 1409 convoluto
1523 1381 1606 1408 tecto

78 1435 320 1480 intwerrimis,
346 1435 605 1480 amphiyastriz's
629 1435 827 1469 orbiculatis
852 1434 1271 1480 emaryinato-bideutatis
1303 1432 1495 1468 imbricatis
1509 1431 1607 1476 folia

76 1493 376 1540 subaequantz'bus‚
393 1494 524 1538 fluctu
552 1520 560 1528 .
589 1520 596 1527 .
626 1520 634 1529 .

269 1564 433 1605 Lejeunia
462 1565 670 1597 clandestina
698 1565 754 1599 M.
775 1572 807 1599 ct
825 1565 873 1598 N.
901 1565 998 1599 Anu.
1025 1564 1080 1598 cles
1104 1575 1148 1597 sc.
1174 1570 1247 1597 nat.
1277 1565 1427 1609 1836.p.
1442 1566 1501 1597 59.
1518 1575 1552 1597 η.
1568 1565 1603 1597 6.

178 1634 224 1667 In
253 1634 417 1668 Peruvia
449 1645 531 1667 cum
569 1634 839 1678 Plcraymz‘coma
872 1634 1015 1668 bicolore
1049 1638 1087 1667 et
1119 1634 1310 1667 Frullania
1344 1634 1460 1667 hiante
1493 1643 1606 1676 supet

85 1692 269 1726 collemate
292 1704 418 1726 azureo
444 1692 534 1735 legit
559 1693 780 1736 d'Orbigny.

177 1762 344 1797 Lobulus
370 1763 551 1798 diametro
579 1763 654 1797 folii
682 1763 796 1807 duplo
825 1763 989 1805 brevior,
1017 1766 1219 1806 angustus,
1246 1760 1604 1803 subcanaliculatus‚

82 1821 141 1854 vel
175 1821 358 1863 oblongus
392 1822 489 1856 cauli
526 1823 737 1866 contiguus.
800 1822 1075 1866 Amphigastria
1112 1822 1210 1856 cauli
1251 1822 1449 1864 adpressa‚
1489 1822 1606 1855 latere

82 1890 258 1922 recurva,
296 1881 335 1914 in
368 1882 490 1916 medio
518 1893 539 1915 a
566 1882 684 1916 caulis
711 1881 956 1925 impressione
983 1882 1116 1916 obtuse
1149 1880 1342 1922 carinam,
1379 1878 1486 1921 apice
1521 1878 1606 1912 sinu

81 1937 158 1972 lato
184 1949 252 1972 nec
272 1939 456 1983 profundo
480 1940 649 1984 angulari
677 1940 921 1984 emarginata,
949 1939 1043 1974 lobis
1070 1939 1297 1975 distantibus
1323 1937 1604 1974 obtusiusculis.

353 2070 433 2102 105.
485 2068 773 2103 Frullania
796 2069 1117 2114 niyricaulis
1145 2069 1193 2104 N.
1220 2068 1267 2102 ab
1294 2068 1337 2102 E.

176 2147 243 2181 Fr.
257 2147 353 2181 caule
372 2149 615 2194 procumbente
641 2149 838 2185 suhramoso
863 2150 1029 2195 elonyatO,
1044 2150 1155 2184 ramis
1167 2150 1306 2196 sparsis,
1321 2150 1429 2194 foliis
1444 2149 1604 2183 horizon-

82 2204 208 2239 talibus
227 2204 371 2240 alternis
383 2207 640 2243 subimbricatis
654 2208 1015 2243 cordato-orbiculatis
1028 2208 1156 2243 obtusis
1169 2208 1413 2252 intwerrimis,
1438 2207 1605 2242 auriculis

80 2263 178 2296 caule
194 2263 376 2309 parallelis
399 2267 494 2301 tectis
513 2269 636 2312 parvis
660 2267 1079 2315 oblonyo-subcylimlricis
1104 2267 1177 2302 basi
1201 2267 1371 2301 truncatis
1384 2265 1472 2312 stylo
1496 2266 1604 2299 inter-

79 2322 164 2355 iecto
196 2322 378 2366 subulato,
418 2326 677 2371 ampln'yastriis
712 2328 951 2372 maym'tudine
974 2327 1151 2371 foliorum
1182 2325 1605 2372 reniformi-orbiculatis

80 2382 307 2425 emaryinatis
332 2382 484 2428 bfficlisve
509 2383 647 2418 laciniis
672 2386 926 2421 conniventibus
939 2386 1198 2428 remotiuscuffi,
1212 2386 1344 2431 fluctu
1361 2410 1369 2418 .
1384 2410 1392 2419 .
1409 2409 1417 2418 .
1447 2384 1605 2418 Gottsche

80 2440 174 2475 Icou.
201 2441 366 2475 Frullan.
394 2442 483 2475 ined.

271 2502 543 2543 Jungermannia
570 2503 766 2543 nigricaulis
793 2504 841 2537 N.
854 2503 896 2537 ab
909 2505 955 2538 E.
983 2505 1076 2551 Hep.
1101 2505 1183 2538 «Ταῦ.
1205 2517 1242 2550 p.
1269 2506 1350 2538 225.
1377 2505 1603 2537 n.37et4l7.

360 2559 492 2593 Enum.
514 2559 567 2605 pl.
597 2560 717 2607 Crypt.
743 2561 826 2597 Jav.
854 2563 959 2597 Fasc.
988 2563 1017 2597 1.
1038 2576 1078 2609 p.
1101 2567 1160 2598 51.
1187 2565 1294 2597 mos.
1344 2560 1602 2607 SprenffiSyst.

363 2617 443 2662 Veq.
472 2618 542 2653 IV.
571 2623 603 2654 1.
623 2632 662 2665 p.
689 2623 774 2656 217.
800 2634 834 2655 u.
860 2625 895 2656 3.

177 2686 324 2721 Crescit
339 2688 376 2722 in
394 2691 568 2725 arborum
584 2693 719 2728 cortice
732 2694 865 2737 Javae,
891 2695 1082 2739 hucusque
1102 2705 1173 2729 non
1193 2693 1264 2728 nisi
1287 2693 1422 2729 sterilis
1437 2695 1600 2730 inventa.

176 2754 315 2792 Planta
340 2758 435 2795 foliis
469 2766 505 2796 et
540 2764 819 2807 amphigastriis
856 2766 1002 2810 magnis
1038 2766 1212 2801 mollibus
1238 2765 1275 2799 in
1302 2765 1401 2800 sicco
1427 2766 1600 2801 deorsum

79 2814 292 2850 convolutis
318 2816 498 2864 insignis,
538 2823 645 2857 caule
676 2823 911 2870 fusco-nigro
938 2825 1107 2870 pollicari
1135 2824 1428 2869 bi-tripollicari
1456 2826 1600 2872 glabro,

80 2872 168 2908 hinc
194 2874 280 2910 inde
305 2877 406 2913 fibris
432 2880 561 2923 paucis
588 2882 791 2919 radicante.
