1824 3252
562 153 810 199 Lophocolea.
861 152 1147 197 Chiloscyphus.
1540 154 1611 187 703

91 283 128 316 p.
157 273 237 307 169.
489 273 548 305 39.
583 270 914 313 Leptine-olea>
937 266 1221 304 muricata.

91 330 217 373 Adde,
257 332 301 371 β,
336 329 465 371 laxior,
516 331 681 361 foliorum
722 330 854 361 laciniis
906 327 1122 370 longimibus
1162 326 1270 368 magis
1313 324 1464 367 regulari
1502 324 1610 357 modo

315 389 627 422 citiam-dentatis.

234 448 402 483 Liebman
429 448 506 482 Iter
531 447 708 482 Meaeieau.
736 447 854 481 inedit.

189 508 348 543 Habitat
374 508 412 542 in
440 507 593 542 Mexico
620 507 721 551 apud
748 506 919 541 Mirador
946 516 1051 547 rara,
1089 504 1171 539 aliis
1205 503 1404 549 Hepaticis
1431 502 1610 547 irrepens.

87 567 287 609 (Liebman
313 568 352 604 in
381 567 457 602 Hb.
486 566 663 611 proprio.)

88 663 125 696 p·
156 655 236 687 170.
334 654 381 686 39
399 652 435 685 b.
472 652 803 695 zephae-olea
829 650 1090 685 echinella
1116 647 1235 691 Ldbg.
1263 651 1300 681 et
1324 645 1513 681 Gottsche.

189 725 233 758 L.
261 724 356 758 vaide
380 721 617 768 procumbente
636 734 765 767 parvo,
788 721 895 766 foliis
918 719 1172 755 subimbricatis
1196 717 1510 753 suhorizontalibus
1530 716 1607 750 sub-

88 783 246 817 rothdis
281 783 426 827 inteyris
462 781 646 815 echinato·
661 781 901 822 denticulatis,
941 779 1201 826 amphiyastriis
1229 779 1399 824 prcffumle
1432 776 1611 823 bipartitis

87 842 226 876 laciniis
252 840 638 875 lanceolata-subulam
662 842 816 885 mmyine
841 839 1072 874 denticulatis-

184 900 345 934 Habitat
378 900 415 934 in
451 900 533 933 sinu
568 900 830 943 Dusky-Bay
858 900 989 934 Novae
1020 898 1257 935 Zeelandiae.
1311 897 1480 932 Paucula
1517 906 1607 940 spe-

87 959 224 994 cimina
250 960 402 993 inventa
428 960 466 993 in
496 959 719 1004 Playioeltila
743 960 975 994 ramosissima
1001 970 1022 993 a
1049 960 1093 993 cl.
1120 958 1254 1001 Taylor
1280 956 1403 990 missa.

183 1019 326 1052 Forsan
355 1019 485 1052 eadem
514 1030 558 1052 ac
584 1019 728 1062 species
755 1018 969 1063 insequens,
997 1018 1103 1052 cuius
1122 1017 1328 1062 specimina
1346 1026 1418 1050 non
1434 1014 1606 1049 vidimus.

86 1114 121 1146 p.
152 1106 230 1137 170.
294 1104 342 1137 39
357 1113 388 1135 c.
423 1103 753 1146 Lophocolea
779 1102 1048 1147 hirtffol·ich
1074 1101 1197 1135 Hook.
1220 1100 1302 1143 jun.
1330 1102 1366 1131 et
1391 1097 1538 1141 Taylor.

182 1176 224 1209 L.
253 1175 348 1209 caule
374 1176 523 1220 disperso
544 1173 787 1219 proemnbente
811 1173 1041 1219 subsimpliei‚
1067 1173 1172 1218 foliis
1203 1170 1456 1206 subimbricatis
1480 1175 1607 1215 paten—

84 1235 175 1269 tibus
205 1236 524 1269 recurvo-concavis
549 1235 615 1268 late
637 1234 744 1267 ovatis
765 1233 1003 1266 obtusiusculzjs
1026 1231 1309 1266 subdenticulatis
1331 1228 1610 1264 celluloso-lzirtis

84 1296 121 1329 in
147 1295 435 1341 ampliigyastrium
461 1294 730 1339 subquadratmn
755 1291 1106 1337 quadri·laciniatum
1133 1291 1295 1335 utrinque
1321 1286 1530 1323 abeuntibus.

276 1355 497 1398 Lophocolea
524 1355 684 1386 hirtisolia
723 1351 825 1398 Tayl.
856 1352 943 1385 Noe.
975 1352 1065 1397 Hep.
1100 1351 1136 1383 in
1172 1350 1282 1383 Loml.
1310 1349 1438 1382 Jozirn.
1473 1347 1516 1391 uf
1540 1346 1605 1380 bot.

362 1415 464 1447 1846.
486 1425 524 1458 p.
550 1415 633 1446 366.
660 1425 694 1446 η.
721 1416 756 1446 3.

176 1471 336 1506 Habitat
376 1472 421 1505 ad
463 1472 612 1506 Stietam
649 1471 894 1506 clrioroleucmn
930 1470 1053 1504 Hook.
1083 1470 1163 1513 jun.
1203 1472 1240 1503 et
1272 1468 1377 1510 Tayl.
1418 1466 1454 1500 in
1492 1467 1606 1500 Terra

83 1543 154 1567 van
183 1532 357 1566 Diemen.

182 1590 356 1635 Caespites
391 1591 500 1624 valde
535 1591 635 1632 laxi,
671 1592 821 1634 plantae
856 1591 1073 1634 plerumque
1108 1592 1303 1631 vagantes.
1363 1585 1508 1621 Surculi
1542 1584 1606 1617 vix

82 1651 101 1691 ὲ
131 1649 253 1692 pollic.
282 1649 404 1692 longi,
432 1650 562 1684 leniter
589 1650 747 1690 incurvi,
781 1649 920 1683 surculi
948 1648 1080 1682 tumidi
1106 1652 1258 1691 propter
1284 1646 1371 1681 folia
1397 1648 1605 1685 recurvata,

81 1707 221 1751 pallide
249 1707 398 1742 virides.
450 1709 556 1743 Folia
583 1710 955 1748 rotundato-ovata,
985 1709 1124 1741 minute
1150 1709 1361 1740 tomentosa
1388 1702 1607 1748 apparentia

81 1772 231 1810 propter
257 1768 474 1802 cellularum
504 1770 809 1812 prominentiam,
852 1768 960 1802 valde
996 1765 1248 1810 irregulariter
1281 1769 1318 1799 et
1343 1774 1455 1807 parce
1480 1759 1602 1795 denti-

81 1826 207 1860 culata
234 1827 269 1860 in
298 1827 416 1871 apice,

178 1885 333 1920 Accedit
359 1887 405 1920 ad
434 1887 476 1919 L.
504 1889 734 1929 murhatam,
762 1889 867 1931 'quae
893 1891 1016 1920 tamen
1050 1888 1194 1919 statura
1222 1888 1281 1921 est
1310 1882 1429 1916 minor
1456 1884 1492 1914 et
1517 1879 1606 1913 folia

81 1944 274 1978 bidentata
302 1946 498 1990 valideque
524 1946 707 1980 muricata
734 1946 867 1987 habet,
902 1944 1252 1988 amphigastriisque
1279 1940 1539 1976 minutioribus
1571 1942 1607 1973 et

81 2004 297 2048 simpliciter
324 2004 445 2041 bifidis
472 2006 623 2048 gaudet.

596 2104 1079 2161 cliiloseyphus,

174 2197 213 2229 p.
246 2188 324 2220 172.
353 2184 417 2219 lin.
453 2189 480 2219 l.
520 2185 579 2219 Ad
606 2185 920 2220 inflorescentiam
947 2184 1191 2219 masculinam
1218 2184 1310 2218 haec
1337 2182 1567 2227 adjicienda:

155 2247 191 2290 l)
226 2244 265 2278 Si
302 2244 389 2278 illae
428 2244 590 2287 species,
626 2255 723 2289 quae
750 2256 848 2278 nunc
883 2244 1029 2288 generis
1056 2244 1205 2279 nomine
1233 2242 1470 2286 Chiloscyphi
1497 2243 1602 2276 salu-

224 2310 371 2345 tantur,
407 2303 592 2337 communi
622 2303 769 2338 vinculo
796 2304 1111 2347 complectuntur,
1143 2303 1283 2347 duplex
1310 2301 1606 2336 inflorescentiae

226 2362 456 2395 masculinae
487 2366 598 2406 typus
625 2362 742 2396 adest.
803 2363 997 2396 Invenitur
1023 2373 1155 2406 nempe
1190 2363 1248 2396 vel
1285 2362 1321 2395 in
1357 2362 1486 2395 eodem
1520 2372 1604 2395 cum

223 2422 382 2456 feminea
412 2432 536 2462 ramo,
575 2422 630 2455 vel
666 2422 702 2454 in
730 2422 913 2464 discreto,
951 2426 988 2456 et
1012 2423 1189 2456 nonnulla
1216 2426 1360 2456 tantum
1388 2420 1475 2455 folia
1500 2421 1601 2465 peri-

223 2481 389 2524 gonialia
427 2481 670 2515 inveniuntur
702 2482 852 2516 sacculo
886 2482 1024 2517 dorsali
1060 2486 1169 2515 aucta
1203 2481 1361 2515 caulinis
1387 2481 1605 2526 ceteroquin

223 2541 426 2576 conformia
460 2541 509 2584 (e.
538 2552 571 2583 g.
599 2540 638 2574 in
667 2540 887 2587 Chiloseyplio
907 2541 1131 2588 polycmtlao),
1181 2541 1236 2574 vel
1263 2539 1355 2574 rami
1381 2539 1538 2573 masculi
1564 2539 1602 2573 in

224 2600 348 2644 spicas
383 2611 520 2645 parvas
557 2605 760 2644 coguntur,
801 2601 897 2635 foliis
932 2601 1185 2645 microphyllis
1220 2600 1401 2634 conflatas
1435 2603 1471 2632 et
1505 2598 1603 2633 foliis

223 2659 382 2695 caulinis
418 2662 608 2702 obtectas,
660 2660 766 2694 cuius
802 2660 880 2704 typi
916 2659 1065 2695 invenio
1099 2660 1273 2703 exempla
1309 2659 1347 2693 in
1383 2657 1603 2704 Clziloseyplio

222 2726 359 2763 aryuto,
385 2719 574 2753 con‘tbz‘nato
600 2724 637 2754 et
661 2718 881 2765 amphibolia.

150 2776 187 2821 2)
223 2778 438 2822 Descriptio
463 2778 665 2823 perianthii
700 2779 904 2814 secundum
940 2777 1250 2813 inflorescentiam
1286 2777 1483 2812 femineam
1511 2775 1603 2813 Chil.

216 2836 401 2883 polyantln'
425 2837 465 2872 in
493 2838 719 2873 charactere
745 2838 874 2882 generi
901 2837 1107 2880 delineata,
1141 2848 1216 2872 non
1248 2837 1287 2871 in
1321 2836 1421 2871 illius
1447 2835 1604 2871 formam

223 2898 528 2942 campanulatam
555 2909 619 2934 ore
644 2897 824 2933 multifide
850 2896 1214 2932 efflato-barbatam
1241 2896 1421 2943 quadrat,
1454 2895 1603 2943 qualem
