1824 3252
201 207 273 238 480
808 196 1112 240 Sympbyogyna.

298 316 545 351 Adolescente
581 313 699 346 fructu
743 314 846 344 torus
888 308 960 343 iste
994 307 1202 342 communis
1235 307 1414 342 attollitur
1448 308 1484 341 in
1519 308 1724 352 calyptram

202 378 249 412 ob
287 386 368 410 eam
407 382 560 407 causam
596 380 761 404 crassam
795 373 831 402 et
866 368 1096 408 coriaceam,
1134 366 1347 410 verticeque
1384 366 1532 410 pistillis
1567 367 1726 401 residuis

202 434 375 470 coloratis
411 438 566 475 toroque
599 428 755 473 genitali
792 431 1031 467 coronatam,
1065 436 1139 471 quo
1173 425 1335 469 denique
1368 426 1537 470 disrupto
1571 428 1726 470 capsula

203 494 327 540 prodit
366 497 402 526 et
437 491 630 533 calyptrae
666 498 708 522 os
741 491 827 531 post
860 485 1036 520 emissum
1071 485 1325 529 pedunculum
1366 485 1513 528 pistillis
1548 487 1726 522 abortivis

202 555 365 588 cinctum
389 549 689 592 fimbriatumque
716 546 902 590 relinquit.
944 544 1186 579 Pedunculus
1202 544 1346 587 longum
1363 544 1444 578 basi
1461 545 1725 581 subbulbosus.

203 611 370 656 Capsula
419 609 600 651 oblonga,
649 605 905 651 quadrivalvis
951 610 1016 638 aut
1063 604 1162 637 rimis
1207 607 1229 637 4
1280 603 1488 639 dehiscens.
1560 606 1728 640 Blateres

204 670 416 714 parietales‚
461 666 894 703 fusiformi-filiformes,
944 664 1123 704 flexuosi,
1172 662 1293 707 opaci.
1354 663 1490 698 Fibrae
1528 665 1726 706 coloratae,

203 729 437 769 latiusculae,
469 732 569 760 arcte
596 736 784 769 sensuque
808 725 966 758 adverso
991 727 1196 762 contortae,
1233 723 1302 756 sub
1330 722 1426 756 lente
1454 723 1593 758 fortiori
1618 725 1726 769 quasi

202 790 427 823 tessellatae.
481 785 635 820 Semina
663 785 837 827 globosa,
864 783 1005 817 minute
1032 782 1240 826 granulata.

298 844 580 881 Inssorescentia
596 843 802 877 masculina
820 844 875 878 vel
901 843 937 876 in
957 842 1124 876 eiusdem
1146 852 1230 874 cum
1247 840 1408 874 feminea
1424 841 1483 874 vel
1499 841 1535 875 in
1558 844 1727 878 diversae

202 907 343 942 frondis
379 905 517 950 pagina
552 903 736 947 superiori
771 914 879 947 secus
913 907 1054 937 costam
1089 901 1285 946 disposita.
1346 901 1451 934 Folia
1485 901 1729 944 perigonialia

202 967 423 1003 imbricata,
461 963 599 1003 incisa,
639 962 947 1002 membranacea,
983 962 1137 996 bullata.
1197 960 1386 995 Antberae
1413 961 1515 996 brevi
1541 963 1728 997 filamento

202 1027 389 1067 suffultae,
415 1025 622 1068 depresso·
636 1022 827 1065 globosae,
854 1022 1125 1056 incumbentes.

297 1083 466 1118 Frondes
510 1083 690 1123 lineares,
747 1081 1006 1122 dicluotomae,
1054 1080 1387 1118 membranaceae,
1445 1090 1557 1113 nervo
1607 1080 1728 1114 medio

203 1145 378 1178 distincto
424 1142 644 1186 praeditae,
696 1151 716 1175 e
762 1140 865 1175 nervi
907 1141 1046 1185 pagina
1082 1138 1265 1183 superiori
1309 1139 1467 1172 fructum
1503 1145 1726 1182 promentes.

203 1205 335 1239 subtus
374 1214 441 1247 per
475 1201 670 1236 intervalla
710 1211 730 1234 e
771 1210 884 1234 nervo
923 1199 1163 1240 radicantes,
1203 1203 1268 1233 aut
1304 1190 1458 1232 inferius
1493 1198 1529 1232 in
1566 1199 1729 1243 stipitem

204 1264 436 1298 radicantem
465 1266 502 1295 et
529 1264 719 1304 repentem
746 1260 940 1294 abeuntes.

301 1322 456 1366 Species
479 1324 522 1354 19
547 1318 802 1362 cognovimus,
828 1329 986 1363 quarum
1013 1317 1050 1352 in
1074 1319 1225 1362 Europa
1251 1318 1374 1357 nulla,
1401 1317 1438 1351 in
1466 1318 1638 1352 America
1665 1331 1730 1354 se—

203 1381 442 1427 ptentrionali
474 1382 503 1420 l,
531 1379 567 1412 in
600 1378 769 1411 America
796 1378 939 1421 tropica
966 1383 1003 1411 et
1029 1378 1206 1412 calidiore
1231 1381 1254 1411 6
1279 1378 1462 1420 (Brasilia
1483 1381 1525 1419 4,
1563 1379 1668 1413 Chile
1700 1383 1728 1420 l,

206 1441 433 1484 Guadalupa
464 1440 510 1481 1),
537 1439 575 1472 in
603 1438 730 1471 Africa
758 1438 911 1471 australi
937 1441 960 1472 5
993 1437 1136 1481 (Prom.
1166 1438 1297 1471 Bonae
1325 1438 1414 1481 Spei
1439 1441 1474 1478 2,
1502 1437 1538 1471 in
1556 1439 1728 1472 Bourbon

205 1505 242 1535 et
259 1499 426 1534 Mauritii
453 1498 584 1531 insulis
612 1500 647 1538 2,
675 1497 804 1530 Insula
833 1497 1096 1531 Adscensionis
1128 1498 1173 1541 l),
1202 1496 1238 1530 in
1266 1496 1357 1530 Asia
1387 1500 1402 1530 l
1431 1496 1578 1539 (Insula
1603 1495 1728 1540 Java)‚

204 1560 241 1594 in
256 1559 364 1594 Nova
379 1556 581 1593 Hollandia
595 1559 617 1590 3
632 1555 726 1598 (Ins.
744 1567 816 1590 van
831 1555 988 1590 Diemen
1002 1559 1042 1601 2)
1061 1560 1098 1591 et
1111 1556 1147 1590 in
1164 1556 1272 1590 Nova
1285 1556 1521 1590 Zeelandia2
1541 1560 1725 1590 crescunt.

362 1645 389 1676 ι.
442 1640 844 1686 Symphyoyyna
866 1641 1353 1687 Hyrnenophyllum
1378 1639 1433 1674 M.
1460 1644 1498 1674 et
1528 1639 1573 1673 N.

300 1711 339 1745 S.
365 1711 557 1746 rlzizomate
569 1711 747 1757 fllzformi
770 1718 904 1757 repente
930 1723 1073 1751 ramoso,
1089 1711 1279 1757 fi'omlibus
1303 1711 1422 1744 erectis
1439 1710 1488 1744 bis
1508 1716 1598 1743 terve
1612 1707 1727 1753 bifidis

202 1771 373 1811 nervosis,
409 1770 546 1805 laciniis
570 1770 760 1804 lineat-ibus
783 1771 929 1804 serratis
953 1771 1049 1817 apice
1072 1770 1321 1816 emm-yinatis,
1345 1771 1475 1816 fructu
1507 1769 1728 1804 dichotomiae

203 1831 372 1876 imposito,
399 1830 558 1876 calypti-a
583 1829 741 1875 elonquta
765 1830 967 1876 cylc'mlrica.

394 1892 662 1933 Juugermannia
691 1891 1005 1934 H)111e11opln)lh1m
1043 1888 1154 1922 Hook.
1192 1887 1306 1921 Illusc.
1340 1895 1425 1921 exot.
1455 1901 1492 1934 p.
1529 1892 1579 1921 l7.
1615 1894 1641 1921 ἰ.
1673 1890 1724 1921 14.

494 1947 626 1994 Taylor
640 1949 734 1993 Hep.
746 1955 898 1981 (tutaret.
914 1949 950 1981 in
964 1948 1074 1981 Loud.
1093 1946 1352 1988 J0u1·72.0fb0t.
1373 1950 1517 1992 184441.
1529 1950 1655 1980 571.n.
1667 1951 1684 1978 4
1698 1950 1724 1978 l.

301 2006 344 2040 In
361 2007 467 2047 Sinu,
490 2006 623 2049 Dusky
640 2007 717 2049 Bay
741 2006 855 2046 (licto,
877 2006 1006 2039 Novae
1023 2006 1250 2039 Zeelandiae
1264 2006 1451 2047 (Menzies
1466 2011 1502 2038 et
1515 2005 1724 2047 Hook.jr.).

300 2065 468 2099 Frondes
501 2076 521 2099 e
548 2066 752 2098 rhizomate
779 2065 926 2108 plures,
973 2065 1068 2098 serie
1103 2065 1330 2109 dispositae,
1376 2065 1482 2108 longe
1522 2052 1725 2108 stipitatae,

204 2124 444 2168 obtrigonae,
482 2128 638 2169 planae,
681 2135 765 2157 curn
801 2123 928 2168 stipite
972 2128 1010 2165 15
1036 2144 1052 2150 -
1080 2127 1104 2158 2
1149 2125 1302 2167 pollices
1335 2125 1480 2168 longae.
1540 2123 1725 2158 Involucri

204 2194 360 2228 squama
387 2183 635 2224 subrotunda,
662 2183 827 2217 dentata.

502 2269 536 2300 2.
587 2265 989 2311 Syoenphyoyyna
1015 2264 1240 2300 obovata
1274 2266 1422 2309 Taylor.

300 2336 340 2370 S.
356 2336 490 2382 fronde
512 2337 674 2382 stipitata
698 2342 807 2369 erecta
831 2336 1019 2370 cliclcotoma
1046 2335 1130 2370 lobis
1153 2337 1302 2370 obaz-atis
1328 2336 1484 2370 tenuibus
1507 2335 1729 2370 ‘inlinervibm

205 2396 362 2441 marqine
386 2396 547 2438 dentatis,
574 2395 748 2429 involucro
773 2402 883 2429 costae
908 2395 1011 2429 lateri
1035 2396 1182 2430 ventrali
1208 2398 1334 2430 inserto
1352 2395 1726 2441 squamoso-laciniam,

205 2452 362 2500 calyplra
387 2454 513 2488 lineari
534 2454 701 2498 elouyata.

398 2515 664 2557 Sj‘rnplijogyua
694 2515 1004 2557 (Jnugermannia)
1045 2515 1189 2546 obovaia
1228 2513 1360 2559 Taylor
1385 2514 1477 2558 Hep.
1504 2520 1651 2546 nutaret.
1692 2515 1726 2546 ι’Ἰι

485 2573 596 2607 Lond.
622 2572 750 2606 Journ.
776 2572 820 2617 of
838 2573 905 2607 bot.
941 2576 1043 2607 1844.
1068 2585 1103 2619 p.
1131 2576 1214 2607 581.
1241 2585 1275 2606 η.
1307 2575 1361 2606 19.

304 2637 348 2670 In
379 2637 507 2670 Insula
534 2648 605 2670 van
634 2637 792 2671 Diemen
822 2638 991 2682 (Hooker
1011 2638 1123 2682 jun.).

302 2694 459 2730 Frondes
485 2696 653 2740 singulae
683 2697 842 2740 propriis
877 2698 1067 2731 radicibus
1100 2695 1306 2740 praeditae,
1332 2696 1471 2739 pallide
1500 2697 1636 2732 virides
1663 2702 1728 2731 aut

207 2754 463 2800 (vetustiores)
500 2756 639 2800 pallide
673 2756 820 2798 fuscae,
855 2757 974 2802 stipite
1008 2757 1126 2796 alato,
1171 2755 1284 2789 semel
1314 2755 1416 2788 bisve
1444 2756 1597 2797 bifidae,
1632 2756 1727 2791 lobis

208 2814 376 2857 oblongis
409 2815 593 2859 profunde
627 2814 791 2848 dentatis
830 2816 935 2858 apice
973 2815 1180 2849 rotundatis
1218 2820 1255 2848 ct
1290 2815 1553 2858 angustissime
1593 2816 1726 2851 bifidis.

208 2874 374 2907 Textura
414 2874 539 2909 tenuis
577 2873 720 2909 cellulis
760 2874 870 2908 valde
911 2874 1107 2908 distinctis.
1167 2874 1411 2916 [molum-nm,
1454 2884 1582 2909 versus
1621 2873 1726 2907 basin

210 2932 350 2967 frondis
376 2944 424 2968 ex
451 2939 577 2969 costae
603 2935 719 2969 latere
745 2933 902 2968 ventrali
930 2933 1156 2977 germinans,
1193 2938 1338 2968 constat
1365 2934 1483 2968 tribus
1509 2933 1726 2977 pluribusve
