1824 3252
535 195 829 239 Plrragmicoma.
882 193 1189 238 Omphalanthus.
1549 200 1617 229 303

109 309 517 347 iterato-dichotomus‚
555 308 665 341 ramis
691 304 1028 342 arcuato-erectis.
1080 302 1185 337 Folia
1210 303 1358 337 sordide
1385 304 1616 345 lutescentia,

108 368 415 408 semiverticafla,
453 372 583 406 ovata,
622 366 785 410 margine
820 365 963 409 postico
996 362 1104 396 basin
1138 373 1268 397 versus
1307 362 1438 397 leniter
1477 365 1616 398 undato

106 428 301 472 sinuloque
327 432 484 470 angusto
511 427 672 460 abeunte
700 427 737 460 in
765 427 929 460 lobulum
955 433 1109 468 parvum
1131 426 1339 457 extrorsum
1367 423 1616 466 angustiorem

107 485 272 528 margine
306 485 509 519 involutum
544 490 581 518 et
615 495 728 519 cornu
764 485 874 518 breve
908 483 983 517 folii
1019 481 1178 525 margini
1209 482 1384 515 adnatum
1412 482 1615 522 referente;

107 544 248 587 apicem
284 554 412 577 versus
446 544 628 585 margines
661 543 802 577 dentati
839 546 946 581 sunt,
982 540 1157 574 dentibus
1192 540 1375 574 subulatis
1402 541 1616 582 patentibus

106 603 388 647 inaequalibus;
425 613 521 646 apex
555 602 635 645 ipsc
668 602 813 635 dentem
847 602 956 635 refert
983 599 1132 643 reliquis
1160 599 1348 633 maiorem.
1400 599 1506 633 Retis
1534 610 1612 632 ma—

106 661 213 695 culae
246 660 521 699 subrotundae‚
556 659 733 694 limitibus
767 660 954 702 angustis3
994 657 1234 691 intercalares
1268 657 1401 691 nullae.
1460 657 1611 703 Amphi—

102 721 237 763 μυεῖν-ἀι
264 720 350 753 laxe
377 719 446 753 sibi
474 719 706 760 incumbunt,
737 719 872 759 ovalia,
898 723 1049 762 propter
1075 719 1191 752 latera
1218 719 1352 753 reflexa
1382 719 1429 752 ad
1454 719 1613 762 speciem

106 778 330 822 angustiora.
390 777 544 810 Fructus
578 777 615 810 in
652 776 876 810 dichotomia
912 777 1064 811 sessilis.
1125 776 1302 810 Involucri
1336 777 1425 810 folia
1458 776 1613 811 duorum

106 836 269 879 parium,
307 836 580 876 incumbentia,
624 836 781 868 caulinis
821 835 989 869 breviora
1025 836 1219 880 magisque
1253 836 1410 876 obtusa,
1448 836 1614 876 dentata,

105 896 229 929 lobulo
255 894 484 928 subrotundo
510 894 622 936 plano
649 894 908 936 amplectente.
951 894 1226 938 Ampliigastria
1253 895 1495 929 involucralia
1521 895 1611 929 sub-

105 952 275 992 rotunda,
302 953 407 995 apice
425 952 601 995 repanda.
642 952 888 985 Perianthimn
902 952 1038 985 lineam
1058 954 1218 996 longum,
1246 954 1612 996 lineari-oblongum,

105 1015 325 1051 truncatum,
353 1011 496 1053 angulis
523 1010 738 1044 lateralibus
766 1010 881 1053 magis
902 1010 1130 1053 prominulis‚
1157 1012 1360 1050 subacutis,
1388 1013 1614 1047 venti-alibus

104 1070 248 1104 duobus
274 1069 416 1103 obtusis
443 1068 728 1112 dorsalibusque
754 1068 910 1111 geminis
937 1069 1281 1104 subconfluentibus
1306 1071 1494 1105 obsoletis.

192 1173 416 1214 XXXV.
458 1172 998 1227 ‘omphalanthus
1036 1174 1177 1228 Ldbg.
1212 1181 1254 1215 et
1286 1175 1345 1216 N.
1380 1178 1431 1216 ab
1466 1177 1516 1219 E.

200 1255 448 1297 Monogynus.
501 1253 660 1286 Fructus
694 1252 731 1286 in
769 1253 887 1286 ramis
914 1253 1106 1295 laterales,
1143 1254 1317 1294 secundi,
1343 1256 1505 1290 seriatim
1532 1258 1609 1291 dis-

103 1314 232 1357 positi,
274 1313 415 1346 ramulo
448 1311 666 1344 involucrali
702 1311 803 1345 brevi
837 1311 1053 1347 insidentes.
1119 1313 1305 1347 Involucri
1340 1313 1427 1348 folia
1460 1320 1496 1349 et
1531 1326 1613 1349 am-

101 1371 305 1415 phigastria
338 1369 497 1403 caulinis
533 1369 694 1410 minora,
734 1370 970 1413 angustiora,
1005 1371 1228 1413 conformia,
1271 1372 1306 1405 in
1344 1374 1455 1407 unica
1489 1375 1612 1418 specie

101 1429 365 1465 subdifformia.
418 1428 674 1462 Perianthium
700 1429 939 1471 obconicum,
974 1429 1010 1463 in
1046 1429 1128 1464 aliis
1154 1431 1490 1474 subcylindricum,
1528 1439 1612 1466 ante

101 1488 278 1523 orificium
324 1486 705 1528 constrictiusculum‚
749 1487 854 1531 apice
889 1488 1021 1522 obtuse
1055 1490 1325 1533 subplicatum,
1371 1502 1433 1526 ore
1468 1491 1606 1526 inciso-

99 1550 281 1586 lacerum,
308 1546 453 1579 laciniis
478 1545 843 1580 inflexo-involutis.
896 1546 1137 1582 Pedunculus
1165 1549 1300 1590 brevis,
1327 1555 1411 1593 post
1436 1551 1606 1585 exsicca-

100 1606 238 1640 tionem
264 1605 728 1647 noduloso-geniculatus.
780 1606 944 1649 Capsula
970 1607 1100 1649 uvalis,
1127 1609 1430 1648 membranacea,
1459 1609 1609 1652 pallida,

101 1665 146 1697 ad
175 1664 334 1698 medium
361 1663 587 1707 quadrifida,
625 1664 741 1697 valvis
768 1668 850 1707 post
875 1665 1140 1700 dehiscentiam
1171 1667 1470 1702 conniventibus.
1522 1667 1611 1701 Ela-

101 1728 195 1757 teres
223 1723 392 1766 apicibus
419 1722 649 1755 valvularum
673 1722 806 1763 adfixi,
835 1723 1003 1767 unispiri,
1030 1725 1281 1768 persistentes.
1334 1726 1611 1760 Inflorescentia

100 1781 265 1814 mascula
291 1781 327 1813 in
357 1780 507 1813 ramulis
534 1780 692 1824 propriis
720 1781 955 1824 spiciformis.

193 1850 320 1883 Caulis
347 1850 614 1893 subpinnatus‚
642 1852 908 1894 procumbens,
944 1853 1034 1886 rami
1062 1853 1228 1898 plerique
1256 1854 1385 1889 breves
1412 1854 1610 1897 simplices,

99 1908 263 1941 nonnulli
305 1909 466 1951 elongati
506 1913 542 1942 et
580 1919 692 1952 saepe
730 1910 864 1943 iterum
909 1911 1029 1944 divisi.
1092 1912 1198 1945 Folia
1235 1912 1395 1953 incuba,
1434 1914 1610 1946 cordato—

98 1966 316 2004 rotundam,
344 1966 559 2006 imbricata,
586 1968 805 2009 flaccidula,
843 1968 922 2002 basi
950 1970 1106 2003 ventrali
1134 1970 1427 2006 subdecurrente
1453 1963 1607 2014 compli-

96 2029 198 2063 cata,
228 2026 349 2060 lobulo
377 2025 518 2059 minuto
544 2025 580 2059 in
609 2027 832 2070 quibusdam
861 2027 1041 2061 obsoleto.
1093 2029 1368 2072 Amphigastria
1400 2030 1606 2064 reniformi-

95 2081 247 2114 cordata
274 2083 330 2115 vel
357 2085 641 2125 transversalia‚
668 2085 705 2118 in
732 2085 920 2119 nonnullis
947 2086 1120 2127 indivisa,
1148 2088 1185 2120 in
1214 2087 1295 2121 aliis
1323 2088 1445 2122 bifida.

192 2151 355 2187 Habitus
382 2154 653 2198 Lejeuniarum.

637 2229 655 2241 ,-

192 2222 344 2265 Species
371 2228 411 2265 8,
451 2236 607 2269 quarum
641 2239 654 2260 t
693 2225 729 2259 in
769 2227 937 2261 America
974 2228 1116 2271 tropica
1150 2233 1341 2268 crescunt,
1386 2232 1395 2261 l
1440 2229 1475 2261 iu
1513 2227 1608 2260 Java

95 2280 227 2313 insula.
280 2282 309 2314 E
336 2282 532 2325 speciebus
566 2285 795 2318 Americanis
831 2297 902 2319 una
929 2285 1457 2332 (Omphalamlzusfiliformis)
1496 2285 1608 2318 etiarn

97 2338 129 2370 in
161 2339 264 2372 india
294 2341 461 2374 orientali
491 2342 584 2376 lecta
611 2348 678 2377 est.

535 2450 564 2488 ς.
596 2451 624 2480 l.
676 2448 964 2491 Amphigastriis
991 2449 1171 2483 indivisis.

288 2543 317 2574 l.
371 2541 791 2584 omphalanthus
813 2543 1183 2588 geminiflorus
1217 2540 1264 2575 N.
1293 2541 1340 2574 ab
1367 2541 1410 2574 E.

188 2609 229 2641 O.
255 2611 349 2643 caule
375 2618 510 2656 repente
535 2613 943 2654 dic-leotomo-divaricato,
964 2613 1070 2658 filiis
1094 2612 1247 2646 distichis
1272 2611 1345 2645 basi
1369 2612 1466 2657 lonye
1489 2613 1605 2645 decur—

94 2673 184 2699 rente
217 2669 249 2699 in
287 2667 435 2703 [obulum
468 2678 640 2704 saccatmn
671 2671 879 2717 complicatis
910 2673 1233 2718 amplziyastriisque
1263 2671 1452 2704 imbricatis
1474 2669 1605 2701 orbien-

93 2723 172 2756 latis
205 2726 437 2769 inteyerrimis
469 2728 667 2774 subplanis,
713 2730 765 2763 his
785 2730 892 2774 foliis
924 2731 1129 2769 minoribus,
1168 2729 1376 2775 periantleiis
1408 2726 1607 2762 lateralibus

94 2781 296 2825 szzhyeminis
321 2784 677 2832 obovato-cylindricis
702 2800 758 2822 ore
784 2789 928 2834 irfiexis.
982 2788 1140 2822 Gottsefie
1165 2789 1215 2821 Ie.
1244 2788 1318 2832 chj.
1355 2786 1426 2819 111.
1453 2788 1511 2818 22.

280 2855 543 2895 Jungermannia
582 2860 793 2897 geminissom
831 2859 878 2891 N,
905 2858 948 2892 ab
976 2859 1020 2892 E.
1058 2861 1094 2891 in
1131 2858 1241 2890 Mart.
1277 2856 1337 2889 Fl.
1368 2854 1473 2887 Bra-9.
1515 2854 1543 2886 Ῑ.
1575 2853 1603 2886 Ι.

363 2924 397 2954 p.
425 2914 505 2945 354,
540 2926 573 2946 n.
601 2917 658 2949 38,
