1824 3252
285 165 598 210 Mastigobryum.
640 164 886 209 Physiotium.
927 140 1181 199 Trichccolea.
1226 165 1449 199 Sendtnera.
1547 170 1614 202 721

189 279 351 313 Habitat
376 279 413 313 in
440 279 580 313 Insulis
611 279 810 313 Auckland
843 283 881 313 et
915 276 1125 321 Campbelli
1165 277 1213 311 ad
1247 277 1479 312 Sendtneram
1512 279 1617 314 scolo-

90 340 262 386 pendram
288 345 325 373 et
350 339 583 374 ochroleucam
608 340 749 383 (Hook.
772 339 882 385 jun.).

192 398 328 432 Differt
362 409 383 432 a
409 399 520 433 Masc.
551 399 692 440 Iudico,
736 399 845 432 valde
881 398 1009 440 simili,
1038 397 1135 432 soliis
1164 396 1330 440 margine
1355 396 1617 441 integerrimis,

96 457 378 501 amphigastriis
406 457 668 497 denticulatis;
704 468 725 491 a
752 458 809 492 M.
836 470 976 491 recurvo
1011 456 1224 500 angustiore
1259 460 1402 490 statura
1433 456 1497 499 (ob
1531 456 1619 490 solia

95 516 205 550 valde
233 516 418 560 devexa),
455 517 554 551 foliis
582 516 816 551 brevioribus
840 517 887 550 ad
915 517 1058 560 apicem
1086 527 1159 550 non
1187 515 1443 557 denticulatis,
1471 516 1616 560 amphi-

96 576 247 619 gastriis
272 576 373 610 haud
400 576 661 620 integerrimis.

96 667 134 700 p.
162 659 248 691 231.
448 660 507 691 52.
558 656 984 702 Mastiyobrywm
1010 655 1296 700 deflexum.

95 715 188 751 Var.
219 723 259 760 β,
294 715 502 762 impleoeum;
540 716 633 751 add:
672 719 876 759 Herpeiium
917 717 1090 748 deflexum
1127 728 1195 748 var.
1235 717 1421 759 implexum
1456 714 1619 759 Mouyeot

241 775 353 810 Nestl.
380 782 411 809 et
437 775 589 822 Sellimp.
616 782 658 810 st.
686 788 734 809 er.
767 775 989 821 Voy.-Rlze71-
1017 774 1112 808 XII.
1140 787 1174 809 n.
1205 777 1308 811 1141.

648 865 1073 921 Physiotium.

95 957 133 990 p.
160 947 245 981 235.
360 948 389 979 l.
441 946 775 991 Physiotiuaen
800 947 1152 991 sphayuoicles
1180 946 1227 981 N.
1255 946 1301 980 ab
1328 946 1370 980 E.

94 1004 224 1039 Addas
254 1004 416 1047 Synom:
454 1008 723 1047 Jungermannia
751 1008 906 1049 gigantea
938 1005 1032 1039 Web.
1054 1006 1176 1051 prodr.
1196 1017 1234 1051 p.
1261 1008 1321 1039 57.
1347 1019 1381 1040 η.
1408 1009 1467 1041 50.

192 1063 399 1108 Repertum
426 1064 537 1098 etiam
564 1065 601 1098 in
629 1065 774 1098 Owaihi
802 1066 926 1099 insula
953 1066 1044 1108 (Hb.
1074 1065 1180 1108 Hk.).

636 1156 1085 1201 Tricliocolea.

94 1233 130 1265 p.
158 1226 241 1257 237.
354 1228 383 1260 1.
440 1225 780 1261 Τνίοὴοοοῑειι
813 1226 1140 1261 Τοηιεητρῑῑα
1169 1224 1216 1258 Ν.
1244 1225 1291 1257 ab
1318 1224 1361 1257 E.

192 1282 352 1317 Habitat
387 1296 535 1329 quoque
570 1285 609 1319 in
646 1285 842 1320 Columbia
876 1285 922 1318 ad
959 1284 1094 1327 Caripe
1123 1283 1274 1326 (Moritz
1308 1283 1345 1316 in
1383 1284 1459 1318 Hb.
1498 1284 1615 1318 Kohl-

93 1342 233 1384 meyeri
261 1353 296 1377 n.
328 1346 426 1388 151).

189 1413 226 1442 γ,
243 1401 426 1446 jamnica.
476 1403 754 1448 Junyermamzia
778 1403 1027 1438 molle'ssissz'ma
1056 1402 1161 1449 Tayl.

93 1461 191 1496 Add.
220 1462 381 1506 Synou.:
410 1463 552 1497 Hoolzer
581 1463 743 1510 Cryptogs.
771 1470 921 1498 amaret.
945 1476 983 1509 p.
1009 1466 1068 1498 48.
1097 1476 1132 1497 η.
1159 1465 1218 1497 57.

94 1554 131 1587 p.
157 1547 240 1579 238.
341 1549 374 1579 3.
418 1547 752 1581 Tntffcleocolea
774 1547 1138 1591 pomae-matha
1165 1545 1381 1590 Hook.jun.
1397 1550 1434 1580 et
1447 1546 1594 1590 Taylor.

96 1602 228 1637 Addas
256 1604 425 1647 Synon.:
458 1606 598 1640 Hoolzer
625 1605 788 1652 Cryptoy.
816 1613 963 1640 amaret.
985 1618 1024 1651 p.
1051 1609 1110 1640 49.
1136 1619 1170 1640 η.
1197 1609 1255 1640 58.

671 1697 1053 1745 Sendtnera.

93 1776 130 1809 p.
159 1768 240 1801 238.
268 1766 332 1801 lin.
360 1767 566 1811 penultima
593 1768 695 1812 lege:
725 1769 879 1813 Species
905 1769 942 1803 in
970 1768 1185 1802 universum
1215 1771 1270 1802 18.

95 1859 131 1892 p.
159 1851 241 1883 ⁴239.
500 1854 530 1885 1.
584 1850 885 1887 Sendtnera
910 1852 1236 1895 {antipa-ina.

98 1920 206 1954 Adde
235 1920 397 1964 Synon.:
425 1922 696 1963 Jungermaunia
725 1923 989 1965 guadelupensis
1016 1922 1090 1955 Hb.
1108 1922 1216 1955 Bria.
1242 1923 1279 1955 vin
1299 1921 1374 1955 HI).
1392 1921 1481 1967 Req.
1499 1922 1619 1957 Berol.

192 1980 307 2014 Lecta
342 1980 454 2015 etiam
492 1980 530 2014 in
558 1980 691 2015 Insula
720 1981 945 2025 Guadelupa
984 1993 1005 2015 a
1040 1981 1084 2015 cl.
1114 1981 1306 2015 Forstrb'm
1332 1981 1427 2024 (Hb.
1456 1981 1559 2016 Brid.
1586 1987 1622 2016 et

94 2038 323 2085 Wikstrb'm)
349 2044 386 2073 et
412 2040 449 2074 in
479 2040 676 2074 Columbia
705 2041 750 2075 ad
779 2041 932 2076 Cuenza
959 2052 980 2075 a
1008 2041 1052 2075 cl.
1080 2041 1258 2075 Jameson
1284 2041 1380 2085 (Hb.
1408 2041 1518 2086 Hk.).

94 2134 130 2167 p.
158 2127 242 2158 239.
418 2126 434 2157 l
458 2124 492 2157 b.
545 2124 852 2160 Senatum-a·
877 2125 1170 2159 ruane-mata
1196 2124 1344 2167 Taylor.

191 2194 230 2228 S.
257 2194 354 2228 caule
379 2195 564 2240 caespitoso
587 2202 695 2229 erecto
713 2196 808 2241 apice
823 2196 977 2235 incurvo,
993 2195 1100 2241 foliis
1122 2194 1278 2228 distichis
1303 2194 1623 2240 erecto-patentibus

96 2255 251 2289 secundis
276 2254 605 2300 amphiqustriisque
631 2254 828 2288 ‘imbricatis
852 2255 1006 2288 concavis
1040 2252 1367 2298 cordato-oblongis
1401 2253 1516 2294 bifidis
1549 2255 1623 2289 basi

95 2313 254 2358 maryine
278 2314 646 2346 rmzcz'nato-dentatis
669 2313 850 2357 seymemis
875 2312 1234 2346 lineari-lmzceolatis
1259 2312 1511 2348 canaliculatis.

289 2372 484 2404 Sendtnera
511 2373 688 2404 runcinata
723 2371 826 2417 Tayl.
856 2372 944 2406 Nov.
979 2371 1074 2418 Hep.
1108 2373 1146 2405 in
1182 2372 1295 2406 Lond.
1322 2371 1450 2405 Journ.
1485 2372 1529 2416 of
1555 2371 1621 2407 bot.

380 2433 481 2465 1846.
501 2443 539 2476 p.
566 2433 651 2465 372.
676 2443 711 2465 η.
743 2434 773 2465 1.

194 2489 357 2524 Habitat
382 2489 419 2523 in
448 2489 577 2523 Chiloe
606 2489 736 2523 Insula
765 2489 947 2532 (Cuming
973 2488 1011 2522 in
1038 2489 1114 2524 Hb.
1144 2489 1255 2532 Hk.).

195 2548 390 2592 Caespites
426 2548 552 2589 densi,
593 2548 678 2590 lati,
712 2548 1039 2583 fusco-olivacei.
1100 2548 1223 2582 caules
1260 2548 1336 2583 fere
1371 2549 1621 2592 bipollicares‚

99 2607 203 2649 duri,
243 2607 497 2651 paueiramei,
537 2608 648 2642 ramis
684 2608 817 2642 erectis
852 2607 960 2651 apice
994 2608 1126 2641 leniter
1161 2607 1338 2641 curvatis.
1390 2607 1496 2641 Folia
1522 2611 1622 2641 arcte

98 2667 296 2702 imbricata
323 2667 416 2702 v{itta
443 2667 629 2712 pellucida
652 2666 771 2708 magis
795 2667 896 2700 lutea
922 2677 1032 2711 quam
1053 2666 1194 2711 reliqua
1219 2665 1294 2700 folii
1309 2677 1410 2710 pars,
1436 2665 1623 2701 bifurcata

100 2730 138 2761 et
162 2727 199 2761 in
226 2731 425 2772 utrumque
450 2730 682 2771 segmentum
709 2727 929 2760 decurrente
954 2726 1068 2770 picta.

196 2784 354 2819 Accedit
379 2786 427 2820 ad
454 2787 493 2821 S.
521 2786 774 2832 iuniperinum‚
801 2796 896 2830 quae
924 2791 1048 2818 tamen
1075 2785 1241 2828 plantam
1267 2783 1386 2827 magis
1412 2784 1620 2827 elongatam

101 2846 139 2876 et
163 2843 369 2877 tenuiorem
398 2844 509 2887 sistit,
537 2846 643 2879 cuius
672 2845 760 2879 folia
788 2845 906 2888 magis
934 2844 1132 2877 imbricata
1159 2847 1195 2877 et
1222 2842 1442 2886 angustiora
1467 2846 1505 2875 et
1523 2851 1622 2885 quae

102 2902 166 2937 vix
194 2901 289 2938 soliis
314 2907 482 2948 margine
500 2915 616 2948 prope
644 2904 750 2938 basin
778 2903 1155 2938 runcinam-serratis
1182 2902 1332 2946 gaudet.
1368 2901 1488 2945 (Tayl.
1506 2900 1528 2936 l.
1548 2902 1598 2946 c.)

1224 2985 1277 3014 46
