1824 3252
171 212 246 245 383
844 199 1040 245 Lejeunia.

169 322 301 367 eaiyuis
325 318 473 364 oblm1yz‘s
497 317 613 363 bifidis
636 314 813 360 seymentis
833 312 973 355 obtusis,
988 312 1118 358 fluctu
1133 313 1170 347 in
1187 324 1285 346 ramo
1304 311 1396 346 brevi
1403 313 1550 359 proprio
1576 312 1694 346 termi-

169 381 257 423 nali,
277 377 477 427 periantltio
493 388 534 410 ea:
554 381 704 420 anqusta
727 372 802 407 basi
823 372 1141 417 elonyaco-obovato
1153 372 1250 417 apice
1267 371 1520 418 quadruplicato
1534 370 1693 417 tubif'ero.

363 436 631 478 Jungermaunia
667 433 860 476 (Lejeunia)
899 433 1131 464 albo-virens
1161 430 1295 477 Taylor
1321 431 1413 477 Hep.
1439 430 1624 465 autarctic.
1657 430 1696 464 in

449 493 560 527 Loncl.
587 491 716 526 Journ.
750 491 795 536 of
813 490 878 525 bot.
911 493 1013 525 1844.
1043 502 1082 536 p.
1108 492 1192 524 397.
1219 501 1254 523 n.
1280 493 1339 524 64.
1389 489 1502 524 Hook.
1531 489 1694 536 Cryptoy.

446 551 641 587 amm-etim
659 563 700 596 p.
725 553 785 585 54.
813 563 847 585 u.
875 554 933 585 75.
962 557 987 585 t.
1015 553 1073 584 66.
1091 550 1130 596 f.
1157 553 1192 585 4.

266 611 427 647 Habitat
451 611 488 645 in
517 610 658 645 Insulis
686 609 898 652 Auckland‚
926 609 1025 645 unde
1053 609 1178 644 retulit
1205 608 1272 643 Dr.
1301 608 1456 643 Hookcr
1475 609 1557 653 jun.

263 671 460 716 Caespites
486 669 742 714 superficiales
781 672 833 703 1-
851 672 875 703 2
901 669 1056 713 pollices
1091 668 1273 703 diametro
1309 667 1524 709 metientes,
1558 666 1697 711 pallide

168 730 338 773 olivacei‚
366 730 584 774 plerumque
611 728 819 773 parasitici.
874 729 1013 763 Caules
1039 731 1126 762 2-3
1145 728 1207 763 lin.
1236 727 1348 771 longi,
1375 726 1487 761 ramis
1512 727 1693 770 irregula-

169 791 272 825 ribus
292 794 328 824 et
348 789 590 824 distantibus.
638 788 743 822 Folia
765 787 1070 832 amplexioaulia,
1097 786 1273 822 inferiora
1291 784 1696 823 semi-urceoliformia.

169 851 363 895 superiora
397 849 560 892 oblonga
599 852 635 882 et
669 847 850 889 rotunda,
890 846 998 891 apice
1032 847 1251 891 plerumque
1285 846 1450 880 incurva.
1503 845 1698 879 Structura

169 911 302 946 areolis
331 908 497 943 minutis.
550 907 823 954 Ampltiyastria
849 911 950 945 arcte
978 906 1075 940 cauli
1104 906 1285 950 adpressa
1313 905 1486 950 (ideoque
1510 903 1698 938 interdum

167 970 287 1003 visum
314 967 568 1012 effugientia),
606 967 790 1010 oblonga,
817 956 888 1000 ‘vix
923 965 1042 1000 caulis
1068 965 1304 999 latitudinem
1330 962 1542 1009 aequantia.
1593 961 1699 996 Folia

166 1027 395 1063 ‘involueralia
430 1031 578 1068 erecta,
619 1035 805 1068 concava,
840 1025 997 1065 obtusa,
1033 1024 1158 1059 lobulo
1184 1024 1360 1059 interiore
1387 1026 1517 1065 acut03
1563 1021 1699 1068 amphi-

163 1088 338 1133 9astrium
377 1085 589 1120 involucrale
628 1096 674 1119 ex
718 1088 879 1127 angusta
927 1083 1007 1117 basi
1047 1084 1247 1127 oblongum
1263 1109 1272 1125 ,
1319 1082 1490 1122 bifidum,
1541 1080 1699 1114 caulinis

167 1150 330 1190 excepta
367 1145 625 1189 magnitudine
663 1144 866 1178 conforme.
926 1143 1178 1176 Pericmtlzium
1214 1146 1299 1186 post
1334 1143 1476 1175 fructus
1512 1151 1698 1184 egressum

166 1204 444 1250 quadrifissum.
506 1203 660 1250 Capsula
693 1202 912 1246 sphaerica,
952 1201 1091 1246 pallide
1130 1202 1257 1243 fusca,
1297 1200 1698 1245 semi-quadrivalvis.

167 1265 312 1299 Semina
335 1274 499 1308 magna,
527 1263 636 1297 valde
664 1262 867 1305 angulosa,
894 1272 1040 1305 pauca;
1075 1261 1216 1296 elateres
1241 1261 1366 1305 pauci,
1392 1261 1541 1295 tertiam
1568 1259 1697 1293 latitu-

167 1324 265 1359 dinis
292 1328 436 1368 partem
467 1321 652 1357 seminum
679 1332 752 1355 non
781 1325 997 1365 aequantes.

263 1383 390 1427 Prope
418 1382 564 1416 accedit
590 1380 636 1414 ad
667 1380 874 1426 Lejeuniam
900 1379 1066 1413 ‘zclefcz‘tea7tz
1091 1380 1248 1423 Taylor,
1280 1389 1378 1423 quae
1405 1383 1529 1413 tamen
1556 1383 1700 1413 statura

165 1441 328 1482 minore,
355 1441 498 1475 cellulis
525 1439 752 1479 maioribus,
778 1438 876 1473 foliis
903 1438 1117 1480 subacutis,
1145 1438 1271 1473 lobulo
1298 1432 1472 1479 dentato,
1501 1438 1695 1482 amphiga-

168 1501 269 1535 striis
305 1500 499 1544 profundis
534 1499 665 1534 divisis
708 1499 983 1543 segmentisque
1019 1498 1251 1533 acutioribus
1283 1503 1320 1532 et
1354 1498 1450 1532 foliis
1483 1496 1696 1530 involucra-

167 1560 266 1594 libus
292 1560 458 1595 recurvis
507 1559 640 1594 differt.

471 1655 549 1686 195.
600 1650 862 1696 LeJetun‘a
888 1649 1168 1684 Hastensi-c
1203 1649 1250 1683 N.
1279 1652 1315 1682 et
1342 1647 1396 1682 M.

263 1724 308 1757 L.
333 1722 469 1757 minuta
484 1749 492 1763 ‚
528 1722 625 1756 caule
650 1728 787 1768 repente
819 1710 1198 1761 divaricata·ramoso,
1220 1718 1327 1765 foliis
1352 1719 1594 1754 dissitiusculis
1617 1720 1696 1754 sub-

166 1780 503 1817 rotuntlo-ovalibus
536 1781 664 1815 obtusis
697 1780 930 1824 inteyerrtmts
965 1778 1038 1812 basi
1070 1778 1187 1813 subtus
1219 1779 1277 1812 vix
1301 1777 1527 1824 complicatis,
1561 1779 1696 1825 amphi-

163 1840 306 1884 yastriis
332 1841 461 1885 eximtis
486 1840 696 1874 distantibus
719 1838 852 1886 patulis
877 1838 1047 1872 subm-atis
1065 1838 1242 1884 profunde
1269 1837 1381 1882 bifidis
1414 1837 1550 1873 laciniis
1574 1840 1697 1881 acutis,

156 1898 340 1943 fructibus
366 1899 568 1933 lateralibus
592 1899 774 1939 sessilfflus,
800 1899 971 1932 involucri
985 1898 1091 1943 foliis
1116 1899 1206 1932 binis
1236 1899 1349 1933 ovatis
1373 1897 1547 1932 subacutis
1569 1896 1696 1940 bifidis,

170 1958 300 1991 lacinia
324 1958 474 1991 ventrali
499 1959 695 2003 anyustiori
722 1958 921 1999 lanceolata,
941 1957 1144 2003 periantltio
1171 1982 1178 1990 .
1207 1982 1215 1990 .
1245 1983 1253 1990 .

364 2018 527 2057 Lejeunia
554 2018 675 2049 haitica
703 2017 818 2051 Illont.
849 2018 884 2050 in
911 2018 1008 2052 Anu.
1035 2018 1092 2050 des
1116 2029 1159 2050 se.
1186 2023 1259 2050 nat.
1289 2019 1393 2051 1843.
1414 2028 1452 2062 p.
1474 2017 1556 2049 263.
1578 2027 1613 2050 u.
1635 2017 1695 2049 52.

267 2076 325 2110 Ad
353 2076 541 2109 Neelteram
568 2075 771 2109 undulatam
796 2076 833 2109 in
862 2075 991 2109 Insula
1018 2075 1136 2118 Hayti
1162 2075 1257 2118 (Hb.
1285 2075 1368 2118 M.).
1612 2070 1615 2073 ’

267 2134 452 2180 Legjeunicae
484 2135 737 2168 minutissimae
772 2134 972 2178 persimilis
1011 2139 1087 2176 est,
1126 2134 1192 2168 sed
1226 2133 1349 2168 differt
1384 2133 1482 2168 foliis
1520 2134 1599 2168 basi
1633 2138 1698 2168 aut

171 2193 321 2228 omnino
359 2204 430 2228 non
472 2193 707 2237 complicatis
745 2199 810 2228 aut
853 2194 1045 2229 lenissima
1084 2195 1425 2239 angustissimaque
1464 2198 1608 2227 tantum
1650 2192 1698 2226 ad

171 2252 280 2286 basin
308 2252 405 2296 plica
432 2252 638 2296 praeditis,
676 2257 751 2287 tum
786 2265 875 2288 vero
911 2254 1094 2289 involucri
1129 2254 1226 2288 foliis
1259 2254 1430 2289 diversis.
1482 2253 1560 2287 Vix
1587 2252 1648 2286 lin.
1675 2254 1699 2285 2

172 2311 293 2354 longa.
346 2311 557 2345 Radiculae
584 2312 776 2355 singulae,
803 2312 1010 2354 distantes,
1038 2313 1247 2357 capillares.
1298 2312 1588 2347 Maculae—retis
1616 2322 1694 2345 am-

170 2370 257 2413 plae
293 2373 330 2404 at
364 2370 498 2404 validis
531 2369 713 2405 limitibus
740 2371 936 2406 discretae.
991 2372 1102 2407 Color
1128 2371 1270 2407 viridis.
1323 2372 1429 2407 Folia
1455 2371 1700 2405 in-volucralia

174 2429 324 2474 reliquis
350 2430 463 2474 paulo
490 2429 632 2465 maiora
658 2430 695 2464 in
721 2430 878 2465 formam
913 2431 997 2466 coni
1031 2431 1170 2466 inversi
1206 2435 1271 2466 aut
1303 2431 1462 2466 turbinis
1488 2429 1698 2465 connivent.

175 2486 433 2522 Perianthium
460 2499 534 2523 non
561 2489 650 2524 vidi.

451 2573 531 2604 196.
582 2570 844 2615 Lejeune‘a
869 2571 1209 2616 murionum-pa
1234 2570 1287 2605 M.
1316 2574 1353 2603 et
1382 2569 1428 2603 N.

272 2639 318 2672 L.
344 2640 463 2681 exilis,
498 2640 744 2681 erassiuscula,
780 2641 1029 2682 ramosissima,
1051 2640 1156 2686 foliis
1180 2640 1434 2674 subimbrieatis
1457 2639 1701 2674 ‹listantibusve

175 2696 395 2732 subrotunclis
415 2698 777 2745 pupuloso-eellulosl's
803 2698 921 2732 subtus
946 2699 1377 2744 complicato-ventricosis‚
1400 2698 1494 2744 plica
1520 2699 1591 2733 lata
1605 2699 1701 2744 folio

177 2755 336 2799 breviori,
363 2758 624 2803 amplciyastrz'is
650 2758 687 2791 in
712 2758 820 2791 ramis
844 2756 1018 2791 sterilibus
1042 2758 1151 2791 oratis
1174 2757 1536 2803 erteazyz’tzscto-bfitlz's,
1559 2759 1699 2803 perian-

177 2813 260 2848 tlciis
284 2816 322 2849 in
347 2816 494 2850 ramulis
520 2816 672 2850 brevibus
698 2815 936 2850 terminalibus
959 2815 1087 2849 crebris
1099 2816 1191 2849 eirea
1207 2815 1318 2850 latera
1331 2828 1508 2850 ramorum
1529 2817 1701 2861 dispositis

172 2872 675 2921 pyr-{f'ormi-quinquanyulis
702 2874 907 2922 papillatz's,
953 2874 1123 2908 involucri
1152 2874 1257 2919 foliis
1299 2875 1442 2920 iuteyris
1480 2873 1698 2915 distantibus,

179 2930 317 2975 capsula
341 2932 443 2967 ovalz‘.
