1824 3252
764 192 927 226 Ancura.
1528 196 1601 229 493

82 307 338 347 lacerumve.
399 305 695 347 Perianthium
729 306 904 346 nullum.
974 302 1179 359 Calyptra
1218 317 1312 344 cum
1354 309 1445 344 toro
1484 305 1598 345 rudi-

81 377 324 429 mentisque
361 375 571 416 involucri
621 389 927 420 concrescens,
972 373 1217 420 carnosula,
1265 373 1596 427 subcylindrica,

81 444 364 484 adscendens.
456 443 645 498 Capsula
706 444 837 484 ovalis
894 450 968 485 aut
1026 443 1231 496 oblonga,
1294 441 1596 495 quadrivalvis.

79 512 275 552 Elateres
308 513 508 567 unispiri,
541 514 584 552 in
616 513 878 554 valvularum
910 513 1104 567 apicibus
1134 510 1310 552 residui.
1375 509 1597 551 Antherae

79 580 231 620 lobulis
278 581 493 621 frondium
543 582 726 635 propriis
786 596 810 621 a
860 587 981 636 tergo
1018 582 1264 627 immersae,
1326 579 1594 620 subsessiles.

79 647 303 696 Gemmae,
339 650 410 689 ubi
443 649 612 697 adsunt,
645 650 831 690 innatae.

195 717 388 757 Frondes
450 731 654 758 carnosae
713 717 1265 773 lacero-palmatifido-aut
1323 715 1595 772 pinnatifido-

76 784 253 833 divisae,
287 785 527 835 lobataeve,
561 791 793 827 ecostatae.

461 889 644 931 XLVI.
704 891 972 934 Aneura
1004 890 1203 931 Dumort.

76 970 205 1005 C'omm.
234 970 300 1005 bot.
322 983 360 1017 p.
395 974 471 1005 1l5.
506 970 594 1017 Syll.
620 971 803 1015 Junyerm.
824 983 863 1016 p.
892 974 948 1004 85.
976 983 1012 1004 n.
1039 974 1097 1004 23.
1126 978 1150 1004 t.
1177 973 1210 1003 2.
1226 970 1265 1015 f.
1292 973 1350 1004 23.
1403 971 1450 1006 N.
1478 972 1520 1005 ab
1546 973 1592 1005 E.

74 1029 168 1075 Hep.
196 1030 288 1065 Eur.
317 1030 390 1063 III.
415 1042 451 1075 p.
473 1033 555 1064 423.
595 1029 663 1063 IV.
685 1042 724 1075 p.
744 1029 873 1065 LXII.
901 1042 934 1063 n.
956 1033 1014 1064 30.
1067 1029 1257 1063 Emllicller
1297 1029 1382 1063 Gen.
1407 1043 1446 1076 p.
1467 1029 1591 1074 472s2.

72 1089 264 1134 Blavia-qne
281 1090 415 1135 Voyaye
439 1101 486 1122 αα
503 1089 592 1122 Ρὸῖθ
605 1089 684 1123 Suel
708 1088 737 1121 I.
758 1101 794 1133 p.
816 1092 900 1122 215.
960 1088 1170 1131 Metzgeria
1204 1088 1319 1121 Corda
1344 1095 1377 1121 et
1404 1088 1450 1121 N.
1477 1089 1519 1121 ab
1545 1089 1591 1123 Ε.

72 1149 165 1194 Hep.
193 1148 285 1182 Eur.
322 1148 352 1182 I.
381 1160 420 1193 p.
447 1152 505 1182 99.
577 1147 777 1182 Roemeria
811 1147 934 1182 Raddei
967 1150 1011 1191 in·
1038 1148 1122 1182 Act.
1157 1147 1255 1180 Mod.
1283 1147 1438 1180 XVIII.
1469 1160 1505 1192 p.
1532 1150 1590 1182 48.

71 1207 146 1249 (ecl.
186 1208 302 1241 Banu.
343 1207 460 1240 Henr.
495 1214 527 1241 et
566 1208 616 1242 N.
644 1207 686 1240 ab
713 1208 759 1241 E.
789 1220 828 1252 p.
865 1208 950 1251 22.)
989 1214 1011 1240 t.
1038 1210 1072 1240 7.
1097 1207 1135 1250 f.
1163 1210 1186 1239 2
1214 1217 1247 1239 a.
1309 1206 1591 1239 Sarcomitrium

73 1266 186 1299 Corda
219 1267 256 1299 in
290 1266 427 1300 Sturm.
462 1266 525 1299 Fl.
563 1266 681 1300 Germ.
718 1266 771 1300 II.
799 1268 857 1299 26.
893 1268 951 1298 27.
978 1277 1017 1310 p.
1049 1267 1126 1297 120.
1163 1271 1187 1297 t.
1211 1268 1269 1298 35.
1331 1265 1591 1308 Gymnomitrii

72 1336 192 1368 specc.
217 1325 356 1359 Haben.
415 1325 700 1368 Trichostylium
741 1323 855 1357 Corda
894 1325 929 1356 in
966 1324 1102 1357 Scio-m.
1130 1322 1191 1356 Fl.
1222 1323 1339 1356 Germ.
1369 1323 1420 1357 11.
1447 1326 1504 1357 26.
1533 1327 1590 1357 27.

62 1396 102 1429 p.
125 1386 203 1418 116.
231 1388 329 1419 t,34.
382 1385 430 1418 N.
447 1384 545 1418 abE.
574 1384 664 1429 Hel).
694 1383 785 1418 Eur.
814 1383 888 1416 ΙΙΙ.
918 1395 958 1428 p.
985 1386 1068 1417 475.
1096 1382 1165 1416 IV.
1195 1394 1234 1426 p.
1261 1381 1411 1416 XLIII.
1439 1394 1474 1415 n.
1500 1385 1511 1415 Τ
1531 1385 1589 1415 31.

69 1442 257 1477 Endliclter
285 1444 370 1477 Gen.
401 1456 440 1489 p.
467 1446 568 1477 1338.
594 1456 628 1476 η.
657 1442 782 1487 472s1.

166 1515 369 1548 Character
395 1513 541 1557 generis
573 1514 609 1547 in
637 1514 853 1546 charactere
887 1511 1078 1546 subtribus
1112 1511 1333 1545 continetur.
1359 1529 1405 1535 -
1445 1510 1589 1544 Pistilla

69 1583 212 1614 pauca,
250 1574 397 1614 brevia,
432 1584 580 1614 crassa,
614 1573 838 1616 cylindrica,
874 1581 1031 1616 quorum
1064 1581 1178 1603 unum
1206 1570 1412 1613 perfectum
1447 1569 1589 1613 reliqua

69 1635 106 1664 et
142 1632 247 1664 basin
279 1631 447 1674 (torum)
500 1642 625 1665 secum
663 1631 699 1664 in
740 1631 991 1665 evolutionem
1033 1629 1146 1662 trahit
1187 1629 1392 1671 horumque
1432 1639 1585 1662 accessu

67 1690 227 1723 crassior
259 1691 298 1723 fit
324 1700 391 1723 nec
425 1700 507 1723 raro
534 1690 632 1732 pube
661 1693 726 1722 aut
751 1688 957 1723 tuberculis
985 1691 1243 1730 exasperatur.
1297 1687 1464 1730 Capsula
1489 1698 1583 1732 qua-

67 1748 256 1789 drivalvis‚
291 1748 450 1783 valvulis
477 1749 627 1792 saepius
655 1748 762 1792 apice
789 1747 997 1790 appendice
1024 1745 1298 1789 penicilliformi
1325 1756 1345 1778 e
1370 1745 1586 1777 membrana

66 1807 230 1841 interiori
257 1808 435 1850 capsulae
460 1808 629 1841 confecta
658 1807 790 1841 auctis.
844 1806 1011 1838 Elateres
1041 1806 1189 1845 breves,
1217 1804 1454 1838 subtorulosi.
1505 1803 1582 1835 An-

66 1867 193 1900 tberae
219 1866 385 1899 diclines.

161 1924 329 1958 Frondes
358 1925 600 1969 aequabiles,
636 1935 807 1964 crassae,
842 1934 1042 1963 carnosae,
1079 1926 1183 1956 costa
1218 1922 1341 1956 media
1368 1922 1584 1966 neutiquam

65 1983 253 2025 distincta,
284 1985 501 2018 lacero-aut
526 1982 934 2026 pinnatifido-divisae.

160 2043 322 2076 Plantae
349 2042 563 2082 terricolae,
591 2040 807 2084 lignicolae,
841 2041 879 2075 in
908 2040 1070 2074 humidis
1098 2039 1290 2083 uliginosis
1318 2043 1354 2072 et
1382 2038 1582 2081 scaturigi-

64 2101 176 2143 nosis,
203 2102 300 2135 inter
328 2112 487 2139 muscos,
516 2102 561 2134 ad
590 2101 791 2135 rivulorum
813 2101 926 2144 ripas,
953 2101 990 2134 in
1009 2099 1150 2133 truncis
1172 2098 1292 2132 caesis
1309 2102 1346 2131 et
1363 2102 1586 2141 putrescen—

63 2160 165 2193 tibus
192 2164 415 2201 crescentes,
434 2171 454 2194 e
471 2163 549 2194 tota
562 2161 704 2204 pagina
718 2159 876 2194 ventrali
895 2159 1053 2202 sparsim
1070 2158 1317 2198 radiculosae,
1333 2157 1584 2190 succulentae.

162 2230 387 2265 Distributio
403 2232 651 2275 geographica
672 2231 883 2275 specierum
903 2233 945 2263 12
972 2229 1110 2273 (dubiis
1129 2233 1240 2272 atque
1256 2226 1406 2260 incertis
1426 2226 1582 2270 additis)

65 2288 156 2321 haec
192 2293 270 2323 est:
306 2289 457 2334 Europa
493 2291 608 2324 nutrit
640 2294 686 2331 5,
729 2301 886 2334 quarum
923 2293 996 2322 tres
1030 2287 1142 2321 etiam
1175 2286 1369 2320 Americae
1402 2285 1583 2327 calidiori,

65 2357 266 2391 earumque
293 2349 390 2383 duae
427 2353 464 2383 et
487 2349 607 2383 Javae
642 2348 800 2389 insulae,
828 2359 902 2382 una
930 2348 996 2389 (A.
1019 2346 1175 2392 pinquis)
1209 2345 1362 2378 Insulae
1388 2344 1584 2384 „Hermite

63 2406 212 2440 island“
241 2407 364 2441 dictae
392 2412 503 2453 atque
523 2407 785 2442 Promontorio
809 2407 928 2448 Hom,
956 2417 1031 2439 una
1056 2416 1144 2439 vero
1159 2402 1443 2447 (Annultificla)
1470 2402 1581 2436 etiam

64 2465 217 2499 Insulae
247 2467 446 2509 Bourbon,
475 2466 737 2501 Promontorio
765 2466 894 2507 Horu,
931 2465 1071 2499 Insulis
1098 2463 1282 2498 Falkland
1308 2466 1345 2496 et
1371 2462 1582 2504 Auckland‚

64 2525 196 2559 Novae
224 2526 449 2560 Zeelandiae
475 2531 512 2561 et
540 2526 670 2559 Novae
698 2525 926 2559 Hollandiae
952 2525 1159 2559 communis
1186 2528 1252 2557 est.
1276 2542 1320 2548 —-
1340 2521 1581 2566 Reliquarum

64 2594 140 2618 una
165 2585 201 2618 in
232 2585 491 2620 Promontorio
521 2586 650 2619 Bonae
678 2584 780 2627 Spei,
807 2595 882 2618 una
908 2583 946 2617 in
974 2583 1137 2617 Brasilia
1165 2587 1201 2617 et
1227 2582 1344 2615 altera
1370 2580 1407 2613 in
1435 2580 1578 2624 Hispa-

64 2642 164 2676 niola
190 2642 328 2683 insula,
353 2655 428 2677 una
456 2643 492 2677 in
519 2643 617 2677 Java
644 2642 779 2683 insula,
807 2653 881 2676 una
909 2642 946 2676 in
962 2642 1141 2684 Peruvia,
1170 2652 1244 2675 una
1265 2641 1302 2674 in
1325 2639 1581 2674 Promontorio

65 2702 186 2745 Horn,
226 2712 300 2735 una
325 2702 362 2735 in
391 2701 500 2736 Nova
527 2701 731 2736 Zeelandia
758 2702 853 2735 lecta
879 2705 945 2735 est.

454 2784 484 2815 1.
534 2783 754 2816 Aneura
773 2781 995 2826 pinquis
1022 2782 1194 2815 Dumort.

161 2854 210 2887 A.
237 2852 479 2886 lacero-(livisci
504 2859 566 2886 aut
590 2851 754 2897 simplex,
786 2851 1000 2893 radiculosa,
1025 2850 1249 2893 sublimans,
1282 2847 1498 2893 mmyinibus
1521 2854 1583 2882 aut

65 2912 226 2947 lobalatis
252 2910 490 2956 zmdulatisque
513 2917 575 2945 aut
599 2910 828 2952 denticulatis,
854 2910 1009 2956 calyptra
1033 2909 1120 2944 laevi
1139 2908 1323 2955 puberula.
