1824 3252
163 168 239 208 πθ,
775 164 1088 207 Jungermannia.

264 280 425 317 Sordide
460 277 600 324 pallide
635 277 816 311 olivacea.
876 277 984 313 Folia
1016 277 1186 312 involuta
1220 278 1430 314 secundum
1465 278 1694 326 superiorem

163 345 308 389 partem
336 340 467 376 caulis.
520 337 793 384 Ampltiyastria
819 336 951 372 leviter
978 337 1228 381 emarginata.

260 401 419 436 Accedit
454 399 501 433 ad
534 398 645 443 Juny.
672 395 895 443 otiphyllam,
934 398 1044 433 cuius
1076 397 1166 433 folia
1198 402 1237 433 et
1270 397 1542 444 ampbigastria
1574 402 1701 434 tamen

162 460 308 505 integra
334 464 433 495 sunt.

163 556 200 590 p.
228 547 287 580 85.
398 545 442 577 19
463 554 496 578 e.
536 541 976 589 Janyermannia
1002 541 1283 586 cavi-spina
1310 536 1461 587 Ta'ylor.

260 604 300 638 J.
337 602 435 637 caule
469 602 544 636 laxe
573 604 757 649 caespitoso
787 609 894 636 erecto
931 600 1150 644 subramoso,
1189 600 1340 636 surculis
1364 603 1578 646 incrassatis,
1598 603 1705 650 foliis

162 662 358 697 ‘imbricatis
395 663 517 698 erectis
556 663 729 709 adpre-§sis
774 662 975 696 rotundatis
1015 662 1249 708 inteyerrimis
1284 663 1441 707 maryine
1478 663 1706 707 subroeurvis,

163 723 426 772 amplziyastriis
450 721 641 757 maioribus
665 721 1038 767 rotundato-oblonqis
1063 722 1218 757 concavis
1243 722 1488 767 inteyerrimis,
1503 724 1682 770 fluctu..
1697 751 1705 760 .

358 785 631 827 Juugermaunia
664 785 836 826 cavispiua
874 781 980 828 Tayl.
1007 782 1100 828 Hep.
1127 789 1282 818 amaret.
1308 784 1346 817 in
1374 783 1487 818 Loud.
1513 784 1643 821 Journ.
1669 785 1713 830 qs

447 842 512 876 bot.
543 845 646 877 1844.
666 855 705 889 p.
734 846 818 878 463.
844 855 879 877 η.
910 845 970 877 21.

261 901 306 936 In
336 901 475 936 Insulis
502 902 761 937 Falklandicis
789 903 880 937 locis
908 902 1059 948 aquosis
1085 902 1261 947 (Hooker
1281 903 1396 949 jun.).

260 962 368 997 Laxe
395 963 628 1007 caespitusa,
670 963 939 1008 fusco-nigra.
1002 963 1127 998 Cautes
1162 964 1394 1007 biunciales,
1429 974 1544 1009 parce
1569 964 1707 999 ramosi

166 1022 280 1056 ramis
306 1023 454 1057 erectis.
503 1022 611 1057 Folia
638 1022 675 1057 in
703 1028 803 1058 statu
833 1024 934 1058 sicco
963 1024 1071 1058 valde
1098 1025 1252 1065 reflexa,
1280 1022 1435 1059 humida
1461 1029 1587 1060 erecta
1612 1035 1705 1059 cau-

165 1083 267 1128 lique
294 1084 474 1128 adpressa
503 1094 651 1127 semper
677 1089 804 1118 tamen
831 1084 1066 1128 marginibus
1093 1084 1301 1129 paullulum
1322 1084 1499 1119 recurvis.
1551 1084 1705 1131 Amphi·

161 1144 301 1188 qastre'a
337 1149 440 1178 arcte
474 1144 675 1178 imbricata
701 1148 738 1177 et
764 1144 942 1189 utrinque
979 1144 1075 1179 adeo
1111 1155 1283 1186 recurva,
1320 1148 1362 1178 ut
1398 1149 1527 1180 venter
1553 1146 1706 1190 plantae

165 1204 271 1238 sulco
296 1209 505 1239 excavatus
522 1215 603 1239 esse
631 1204 815 1239 videatur.
870 1204 973 1238 Nulli
1000 1204 1413 1249 Jungermanniearum
1435 1205 1707 1249 Europearum,

166 1274 290 1309 neque
315 1265 607 1299 antarcticarum
636 1265 729 1297 haec
756 1264 900 1308 species
927 1270 1053 1309 potest
1078 1265 1254 1300 conferri.
1284 1265 1405 1309 (Tayl.
1432 1265 1455 1300 l.
1485 1266 1535 1310 c.)
1562 1265 1705 1301 Dolen-

168 1323 273 1367 dum,
300 1324 346 1359 cl.
375 1328 568 1359 auctorem
595 1323 747 1358 modum
774 1323 1049 1360 imbricationis
1075 1325 1113 1359 in
1142 1325 1211 1359 liae
1238 1325 1365 1370 specie
1392 1325 1570 1359 tacuisse.

169 1417 207 1451 p.
236 1409 296 1442 85.
417 1410 458 1443 19
476 1408 499 1444 f.
539 1409 983 1455 Jmnqermannia
1005 1409 1277 1453 palustris
1302 1407 1451 1451 Taylor.

263 1467 302 1502 J.
329 1468 424 1502 caule
449 1469 600 1514 disperso
626 1475 734 1502 erecto
760 1468 916 1514 elouyato
940 1481 1089 1510 ramoso,
1104 1469 1212 1515 foliis
1235 1467 1495 1504 subimln·icate's
1512 1465 1713 1514 patentibus

169 1527 380 1561 tenuissimis
419 1529 579 1563 sem-iose's
619 1530 816 1563 rotundatis
856 1530 1107 1564 concur-issimis
1140 1530 1300 1573 mar-(sine
1335 1528 1486 1561 incurvis
1526 1529 1565 1561 in
1598 1527 1708 1561 medio

162 1585 259 1632 ph'ca
286 1587 536 1634 Ionyz'tudiuali
560 1588 681 1622 obtusa
707 1589 838 1624 notatis
863 1589 1119 1634 integyerrimss,
1155 1587 1419 1634 amplziyastriis
1443 1585 1598 1621 ovalihus
1632 1599 1710 1620 con-

169 1647 261 1681 veaeis
286 1648 521 1693 inteyerrimis
545 1648 749 1682 maioribus.

365 1710 639 1753 Jungermannia
674 1710 835 1752 palustris
874 1707 977 1755 Tayl.
1006 1708 1097 1754 Hep.
1123 1713 1277 1742 antarct.
1314 1708 1352 1741 in
1377 1706 1489 1742 Lond.
1514 1706 1643 1741 Journ.
1676 1704 1720 1750 qf'

455 1768 522 1802 bot.
552 1771 657 1803 1844.
679 1781 718 1815 p.
746 1771 830 1802 464.
856 1781 892 1802 n.
919 1771 979 1804 22.

270 1827 317 1862 In
346 1828 498 1872 aquosis
526 1828 782 1863 Promontorii
811 1828 917 1863 Horn
947 1828 1124 1871 (Hooker
1144 1827 1258 1873 jun.).

273 1886 399 1921 Cautes
424 1888 522 1922 inter
548 1888 643 1922 alias
669 1888 1017 1932 Jungermannieas
1039 1888 1234 1933 aquaticas
1262 1885 1548 1927 adscendentes,
1576 1885 1711 1930 sparsi,

175 1947 324 1982 circiter
361 1948 600 1990 triunciales;
650 1948 742 1981 rami
789 1948 917 1984 erecti.
988 1948 1094 1982 Folia
1136 1948 1352 1982 humectata
1398 1947 1566 1991 margine
1613 1945 1716 1980 varie

174 2007 365 2047 flexuosa,
394 2008 554 2041 subinde
582 2017 760 2049 recurva,
797 2008 950 2051 saepius
977 2012 1103 2041 tamen
1131 2007 1298 2050 margine
1325 2006 1481 2040 incurvo
1508 2006 1607 2050 plica
1625 2005 1713 2039 sin-

175 2067 295 2109 gulari
323 2067 459 2102 obtusa
481 2078 548 2112 per
574 2067 736 2102 medium
756 2066 979 2101 decurrente
1006 2071 1137 2101 notata
1162 2066 1358 2111 magisque
1374 2066 1502 2112 Hypni
1525 2063 1713 2099 cochleari-

162 2126 256 2172 solit’
282 2128 496 2171 Schwaegr.
524 2138 637 2173 quam
655 2127 979 2171 Jungermanniae
1006 2125 1205 2160 cuiusdam
1233 2126 1331 2160 foliis
1358 2125 1508 2159 similia.
1560 2123 1712 2171 Amphi-

171 2189 311 2233 yasm'a
336 2189 557 2233 plerumque
583 2187 795 2230 imbricata,
824 2187 935 2221 valde
961 2197 1147 2221 convexa.
1199 2186 1350 2230 (Taylor
1378 2186 1400 2221 l.
1428 2186 1481 2230 c.)

276 2248 371 2282 Cum
398 2248 649 2292 praecedente
677 2252 714 2282 et
739 2252 920 2293 sequente
947 2248 1074 2292 specie
1100 2246 1248 2292 generis
1274 2246 1416 2292 proprii
1442 2250 1574 2291 typum
1599 2255 1714 2290 prae-

179 2307 267 2343 bere
294 2308 456 2352 videtur,
483 2309 549 2344 sed
577 2308 679 2344 sedis
705 2312 764 2342 est
789 2307 974 2343 incertae.

178 2405 215 2439 p.
242 2397 301 2430 85.
428 2396 470 2429 19
492 2405 528 2438 g.
564 2391 1007 2439 Junyermmmia
1032 2391 1295 2438 otiphylla
1321 2389 1471 2435 Taylor.

274 2453 314 2487 J.
341 2453 440 2488 caule
464 2460 649 2499 ayyreyato
673 2453 830 2497 elonyato
854 2458 961 2485 erecto
993 2450 1191 2485 subramoso
1227 2450 1351 2492 debili,
1378 2449 1485 2495 foliis
1516 2447 1712 2482 imbricatis

168 2515 333 2562 flaccidis
358 2515 567 2550 tenuissimis
591 2511 914 2559 erecto—patentibus
940 2509 1365 2556 elonyato-rmiformibus
1380 2508 1537 2553 «ηιαιῃὶηε
1558 2506 1714 2541 recurvis

179 2574 425 2621 inteqerrimis,
451 2575 711 2621 amphiyastriis
738 2571 928 2608 maioribus
953 2573 1108 2606 concavis
1134 2570 1331 2605 rotundatis
1354 2567 1594 2614 ematyinatis.

374 2637 647 2679 Jungermannia
683 2636 845 2679 otipliylla
889 2633 992 2680 Tayl.
1020 2633 1116 2679 Hep.
1141 2638 1292 2667 amaret.
1326 2631 1365 2665 in
1389 2630 1503 2664 Lond.
1529 2628 1658 2663 Journ.
1681 2624 1727 2671 qf

463 2695 532 2730 bot.
561 2698 667 2730 1844.
690 2707 728 2741 p.
752 2696 836 2729 466.
864 2707 900 2728 η.
926 2696 986 2728 26.

280 2753 326 2788 In
361 2754 567 2799 paludibus
608 2754 745 2799 alpinis
779 2754 936 2788 Insulae
975 2752 1147 2788 Hermite
1185 2751 1232 2786 ad
1268 2747 1571 2786 Promontorium
1607 2746 1717 2781 Horu

184 2813 362 2859 (Hooker
381 2814 496 2860 jun.).
1690 2803 1693 2805 ’

282 2874 459 2921 Caespites
481 2873 580 2916 laxi,
615 2873 776 2908 obscure
801 2870 1145 2907 albido-olivaoei.
1196 2869 1322 2906 Cautes
1348 2868 1577 2911 triunciales‚
1605 2877 1719 2912 parce

183 2934 322 2970 ramosi
349 2934 464 2970 ramis
489 2933 638 2971 erectis.
677 2933 783 2970 Folia
808 2931 1041 2975 tenuissima,
1057 2932 1228 2973 flaccida,
1254 2932 1367 2967 situm
1389 2931 1427 2965 in
1447 2939 1558 2975 aqua,
1584 2936 1718 2973 quem-
