<?xml version="1.0" encoding="UTF-8"?>
<!DOCTYPE html PUBLIC "-//W3C//DTD XHTML 1.0 Transitional//EN"
    "http://www.w3.org/TR/xhtml1/DTD/xhtml1-transitional.dtd">
<html xmlns="http://www.w3.org/1999/xhtml" xml:lang="en" lang="en">
 <head>
  <title>
</title>
<meta http-equiv="Content-Type" content="text/html;charset=utf-8" />
  <meta name='ocr-system' content='tesseract 3.04.00' />
  <meta name='ocr-capabilities' content='ocr_page ocr_carea ocr_par ocr_line ocrx_word'/>
</head>
<body>
  <div class='ocr_page' id='page_1' title='image "./synopsishepatica00gott_0624.png"; bbox 0 0 1824 3252; ppageno 0'>
   <div class='ocr_carea' id='block_1_1' title="bbox 189 218 1057 257">
    <p class='ocr_par' dir='ltr' id='par_1_1' title="bbox 189 218 1057 257">
     <span class='ocr_line' id='line_1_1' title="bbox 189 218 1057 257; baseline -0.003 -2"><span class='ocrx_word' id='word_1_1' title='bbox 189 227 260 257; x_wconf 72' lang='lat'>590</span> <span class='ocrx_word' id='word_1_2' title='bbox 816 218 1057 253; x_wconf 73' lang='lat' dir='ltr'>Authoceros.</span> 
     </span>
    </p>
   </div>
   <div class='ocr_carea' id='block_1_2' title="bbox 182 332 1723 1287">
    <p class='ocr_par' dir='ltr' id='par_1_2' title="bbox 182 332 1723 1287">
     <span class='ocr_line' id='line_1_2' title="bbox 806 332 1139 376; baseline 0.009 -11"><span class='ocrx_word' id='word_1_3' title='bbox 806 332 961 376; x_wconf 85' lang='lat' dir='ltr'>Species</span> <span class='ocrx_word' id='word_1_4' title='bbox 989 333 1139 368; x_wconf 80' lang='lat' dir='ltr'>dubiae.</span> 
     </span>
     <span class='ocr_line' id='line_1_3' title="bbox 304 403 1590 449; baseline 0 -8"><span class='ocrx_word' id='word_1_5' title='bbox 304 410 314 441; x_wconf 73' lang='lat'>3</span> <span class='ocrx_word' id='word_1_6' title='bbox 351 409 405 440; x_wconf 84' lang='lat'>17.</span> <span class='ocrx_word' id='word_1_7' title='bbox 441 403 767 439; x_wconf 74' lang='lat' dir='ltr'>Anthoceros</span> <span class='ocrx_word' id='word_1_8' title='bbox 781 403 1327 449; x_wconf 61' lang='lat' dir='ltr'>jictaeyernut&gt;vttuotcles</span> <span class='ocrx_word' id='word_1_9' title='bbox 1354 405 1590 443; x_wconf 81' lang='lat' dir='ltr'>Schweinitz.</span> 
     </span>
     <span class='ocr_line' id='line_1_4' title="bbox 285 462 1720 512; baseline 0.002 -12"><span class='ocrx_word' id='word_1_10' title='bbox 285 463 827 510; x_wconf 69' lang='lat' dir='ltr'>A.j}·0mleju119e1·nza11nioidea</span> <span class='ocrx_word' id='word_1_11' title='bbox 843 462 1001 508; x_wconf 71' lang='lat' dir='ltr'>elonyaca</span> <span class='ocrx_word' id='word_1_12' title='bbox 1015 463 1179 510; x_wconf 74' lang='lat' dir='ltr'><em>simplici,</em></span> <span class='ocrx_word' id='word_1_13' title='bbox 1207 476 1309 498; x_wconf 77' lang='lat' dir='ltr'>nervo</span> <span class='ocrx_word' id='word_1_14' title='bbox 1327 465 1475 499; x_wconf 77' lang='lat' dir='ltr'>medinm</span> <span class='ocrx_word' id='word_1_15' title='bbox 1487 474 1720 512; x_wconf 59' lang='lat' dir='ltr'>percurrente.</span> 
     </span>
     <span class='ocr_line' id='line_1_5' title="bbox 182 521 1583 570; baseline 0.001 -12"><span class='ocrx_word' id='word_1_16' title='bbox 182 525 461 570; x_wconf 75' lang='lat' dir='ltr'>fructificatione</span> <span class='ocrx_word' id='word_1_17' title='bbox 487 522 664 556; x_wconf 76' lang='lat' dir='ltr'>terminali</span> <span class='ocrx_word' id='word_1_18' title='bbox 690 521 902 567; x_wconf 70' lang='lat' dir='ltr'>louyIuscuZa</span> <span class='ocrx_word' id='word_1_19' title='bbox 928 523 1056 557; x_wconf 75' lang='lat' dir='ltr'>bicalci</span> <span class='ocrx_word' id='word_1_20' title='bbox 1081 523 1217 565; x_wconf 72' lang='lat' dir='ltr'>lineari,</span> <span class='ocrx_word' id='word_1_21' title='bbox 1244 524 1417 558; x_wconf 74' lang='lat' dir='ltr'>involucro</span> <span class='ocrx_word' id='word_1_22' title='bbox 1437 525 1583 570; x_wconf 74' lang='lat' dir='ltr'>yloboso.</span> 
     </span>
     <span class='ocr_line' id='line_1_6' title="bbox 381 583 1719 631; baseline 0.002 -15"><span class='ocrx_word' id='word_1_23' title='bbox 381 585 602 616; x_wconf 77' lang='lat' dir='ltr'>Authoeems</span> <span class='ocrx_word' id='word_1_24' title='bbox 638 584 980 626; x_wconf 74' lang='lat' dir='ltr'>jungermannioides</span> <span class='ocrx_word' id='word_1_25' title='bbox 1020 583 1233 618; x_wconf 71' lang='lat' dir='ltr'>Sclaezceim&#39;tz</span> <span class='ocrx_word' id='word_1_26' title='bbox 1265 585 1356 631; x_wconf 68' lang='lat' dir='ltr'>Hep.</span> <span class='ocrx_word' id='word_1_27' title='bbox 1398 585 1519 619; x_wconf 85' lang='lat' dir='ltr'>Amer.</span> <span class='ocrx_word' id='word_1_28' title='bbox 1558 592 1719 631; x_wconf 77' lang='lat' dir='ltr'>septentr.</span> 
     </span>
     <span class='ocr_line' id='line_1_7' title="bbox 461 645 712 690; baseline -0.004 -13"><span class='ocrx_word' id='word_1_29' title='bbox 461 656 500 690; x_wconf 84' lang='lat' dir='ltr'>p.</span> <span class='ocrx_word' id='word_1_30' title='bbox 528 646 587 677; x_wconf 81' lang='lat'>25.</span> <span class='ocrx_word' id='word_1_31' title='bbox 614 655 649 677; x_wconf 72' lang='grc' dir='ltr'>τι.</span> <span class='ocrx_word' id='word_1_32' title='bbox 677 645 712 677; x_wconf 82' lang='lat'>5.</span> 
     </span>
     <span class='ocr_line' id='line_1_8' title="bbox 286 702 1674 749; baseline -0.001 -10"><span class='ocrx_word' id='word_1_33' title='bbox 286 704 447 739; x_wconf 81' lang='lat' dir='ltr'>Habitat</span> <span class='ocrx_word' id='word_1_34' title='bbox 476 704 514 738; x_wconf 90' lang='lat' dir='ltr'>in</span> <span class='ocrx_word' id='word_1_35' title='bbox 541 703 717 737; x_wconf 81' lang='lat' dir='ltr'>America</span> <span class='ocrx_word' id='word_1_36' title='bbox 743 702 1041 746; x_wconf 76' lang='lat' dir='ltr'>septentrionali,</span> <span class='ocrx_word' id='word_1_37' title='bbox 1070 702 1165 737; x_wconf 86' lang='lat' dir='ltr'>inter</span> <span class='ocrx_word' id='word_1_38' title='bbox 1193 703 1372 748; x_wconf 75' lang='lat' dir='ltr'>Sphagna</span> <span class='ocrx_word' id='word_1_39' title='bbox 1401 703 1674 749; x_wconf 81' lang='lat' dir='ltr'>(Schweinitz).</span> 
     </span>
     <span class='ocr_line' id='line_1_9' title="bbox 283 762 1721 809; baseline 0 -11"><span class='ocrx_word' id='word_1_40' title='bbox 283 765 354 805; x_wconf 88' lang='lat' dir='ltr'>„In</span> <span class='ocrx_word' id='word_1_41' title='bbox 382 762 577 809; x_wconf 84' lang='lat' dir='ltr'>paludosis</span> <span class='ocrx_word' id='word_1_42' title='bbox 604 762 702 796; x_wconf 86' lang='lat' dir='ltr'>inter</span> <span class='ocrx_word' id='word_1_43' title='bbox 718 762 911 806; x_wconf 78' lang='lat' dir='ltr'>Sphagna,</span> <span class='ocrx_word' id='word_1_44' title='bbox 942 773 1059 797; x_wconf 83' lang='lat' dir='ltr'>rarus.</span> <span class='ocrx_word' id='word_1_45' title='bbox 1115 764 1271 804; x_wconf 81' lang='lat' dir='ltr'>Dubito,</span> <span class='ocrx_word' id='word_1_46' title='bbox 1300 775 1346 797; x_wconf 90' lang='lat' dir='ltr'>an</span> <span class='ocrx_word' id='word_1_47' title='bbox 1368 764 1478 798; x_wconf 90' lang='lat' dir='ltr'>huius</span> <span class='ocrx_word' id='word_1_48' title='bbox 1496 765 1543 798; x_wconf 89' lang='lat' dir='ltr'>sit</span> <span class='ocrx_word' id='word_1_49' title='bbox 1563 766 1721 808; x_wconf 83' lang='lat' dir='ltr'>generis,</span> 
     </span>
     <span class='ocr_line' id='line_1_10' title="bbox 187 822 1720 869; baseline -0.001 -10"><span class='ocrx_word' id='word_1_50' title='bbox 187 830 340 869; x_wconf 84' lang='lat' dir='ltr'>propter</span> <span class='ocrx_word' id='word_1_51' title='bbox 367 826 479 869; x_wconf 82' lang='lat' dir='ltr'>longe</span> <span class='ocrx_word' id='word_1_52' title='bbox 507 824 669 857; x_wconf 84' lang='lat' dir='ltr'>alienum</span> <span class='ocrx_word' id='word_1_53' title='bbox 698 822 840 856; x_wconf 86' lang='lat' dir='ltr'>frondis</span> <span class='ocrx_word' id='word_1_54' title='bbox 867 822 1214 858; x_wconf 79' lang='lat' dir='ltr'>conformationem.</span> <span class='ocrx_word' id='word_1_55' title='bbox 1270 823 1376 857; x_wconf 88' lang='lat' dir='ltr'>Haec</span> <span class='ocrx_word' id='word_1_56' title='bbox 1403 834 1519 868; x_wconf 88' lang='lat' dir='ltr'>parva</span> <span class='ocrx_word' id='word_1_57' title='bbox 1545 828 1622 864; x_wconf 83' lang='lat' dir='ltr'>est,</span> <span class='ocrx_word' id='word_1_58' title='bbox 1658 825 1720 857; x_wconf 86' lang='lat' dir='ltr'>vix</span> 
     </span>
     <span class='ocr_line' id='line_1_11' title="bbox 187 883 1722 929; baseline -0.001 -10"><span class='ocrx_word' id='word_1_59' title='bbox 187 885 356 929; x_wconf 81' lang='lat' dir='ltr'>pollicem</span> <span class='ocrx_word' id='word_1_60' title='bbox 396 883 593 918; x_wconf 84' lang='lat' dir='ltr'>dimidium</span> <span class='ocrx_word' id='word_1_61' title='bbox 634 883 772 926; x_wconf 84' lang='lat' dir='ltr'>longa,</span> <span class='ocrx_word' id='word_1_62' title='bbox 814 883 860 915; x_wconf 88' lang='lat' dir='ltr'>ad</span> <span class='ocrx_word' id='word_1_63' title='bbox 901 893 1088 916; x_wconf 88' lang='lat' dir='ltr'>summum</span> <span class='ocrx_word' id='word_1_64' title='bbox 1134 883 1242 918; x_wconf 87' lang='lat' dir='ltr'>llin.</span> <span class='ocrx_word' id='word_1_65' title='bbox 1271 883 1365 924; x_wconf 83' lang='lat' dir='ltr'>lata,</span> <span class='ocrx_word' id='word_1_66' title='bbox 1406 884 1591 928; x_wconf 80' lang='lat' dir='ltr'>simplex,</span> <span class='ocrx_word' id='word_1_67' title='bbox 1639 895 1722 918; x_wconf 91' lang='lat' dir='ltr'>raro</span> 
     </span>
     <span class='ocr_line' id='line_1_12' title="bbox 186 939 1718 987; baseline -0.001 -9"><span class='ocrx_word' id='word_1_68' title='bbox 186 944 411 980; x_wconf 87' lang='lat' dir='ltr'>dichotoma.</span> <span class='ocrx_word' id='word_1_69' title='bbox 465 943 495 976; x_wconf 92' lang='grc' dir='ltr'>Ε</span> <span class='ocrx_word' id='word_1_70' title='bbox 531 947 635 977; x_wconf 88' lang='lat' dir='ltr'>costa</span> <span class='ocrx_word' id='word_1_71' title='bbox 671 939 811 976; x_wconf 78' lang='lat' dir='ltr'>media&#39;</span> <span class='ocrx_word' id='word_1_72' title='bbox 831 942 1008 986; x_wconf 79' lang='lat' dir='ltr'>utrinque</span> <span class='ocrx_word' id='word_1_73' title='bbox 1035 942 1203 976; x_wconf 76' lang='lat' dir='ltr'>excurrit</span> <span class='ocrx_word' id='word_1_74' title='bbox 1229 942 1330 976; x_wconf 84' lang='lat' dir='ltr'>frons</span> <span class='ocrx_word' id='word_1_75' title='bbox 1356 943 1397 984; x_wconf 90' lang='lat' dir='ltr'>(i.</span> <span class='ocrx_word' id='word_1_76' title='bbox 1425 954 1458 978; x_wconf 90' lang='lat' dir='ltr'>e.</span> <span class='ocrx_word' id='word_1_77' title='bbox 1485 953 1574 987; x_wconf 79' lang='lat' dir='ltr'>pars</span> <span class='ocrx_word' id='word_1_78' title='bbox 1601 954 1718 977; x_wconf 87' lang='lat' dir='ltr'>mem·</span> 
     </span>
     <span class='ocr_line' id='line_1_13' title="bbox 187 1000 1721 1047; baseline 0.001 -11"><span class='ocrx_word' id='word_1_79' title='bbox 187 1003 390 1047; x_wconf 81' lang='lat' dir='ltr'>branaeea)</span> <span class='ocrx_word' id='word_1_80' title='bbox 419 1002 543 1037; x_wconf 90' lang='lat' dir='ltr'>tenuis</span> <span class='ocrx_word' id='word_1_81' title='bbox 572 1003 1012 1047; x_wconf 82' lang='lat' dir='ltr'>viridi-purpurascens,</span> <span class='ocrx_word' id='word_1_82' title='bbox 1039 1000 1289 1036; x_wconf 83' lang='lat' dir='ltr'>diversimode</span> <span class='ocrx_word' id='word_1_83' title='bbox 1315 1003 1442 1037; x_wconf 86' lang='lat' dir='ltr'>lobata</span> <span class='ocrx_word' id='word_1_84' title='bbox 1469 1003 1565 1038; x_wconf 86' lang='lat' dir='ltr'>lobis</span> <span class='ocrx_word' id='word_1_85' title='bbox 1589 1004 1721 1038; x_wconf 79' lang='lat' dir='ltr'>obtuse</span> 
     </span>
     <span class='ocr_line' id='line_1_14' title="bbox 184 1062 1721 1107; baseline 0 -10"><span class='ocrx_word' id='word_1_86' title='bbox 184 1064 436 1104; x_wconf 87' lang='lat' dir='ltr'>mucronatis,</span> <span class='ocrx_word' id='word_1_87' title='bbox 471 1062 524 1096; x_wconf 90' lang='lat' dir='ltr'>ita</span> <span class='ocrx_word' id='word_1_88' title='bbox 559 1067 600 1096; x_wconf 84' lang='lat' dir='ltr'>ut</span> <span class='ocrx_word' id='word_1_89' title='bbox 636 1063 723 1097; x_wconf 88' lang='lat' dir='ltr'>solia</span> <span class='ocrx_word' id='word_1_90' title='bbox 758 1063 925 1097; x_wconf 89' lang='lat' dir='ltr'>lobulata</span> <span class='ocrx_word' id='word_1_91' title='bbox 959 1062 1095 1096; x_wconf 90' lang='lat' dir='ltr'>lobulis</span> <span class='ocrx_word' id='word_1_92' title='bbox 1130 1062 1277 1107; x_wconf 80' lang='lat' dir='ltr'>plicatis</span> <span class='ocrx_word' id='word_1_93' title='bbox 1305 1063 1442 1097; x_wconf 78' lang='lat' dir='ltr'>referat</span> <span class='ocrx_word' id='word_1_94' title='bbox 1468 1067 1505 1098; x_wconf 87' lang='lat' dir='ltr'>et</span> <span class='ocrx_word' id='word_1_95' title='bbox 1531 1064 1721 1097; x_wconf 87' lang='lat' dir='ltr'>surculum</span> 
     </span>
     <span class='ocr_line' id='line_1_15' title="bbox 185 1122 1720 1168; baseline 0.003 -13"><span class='ocrx_word' id='word_1_96' title='bbox 185 1122 393 1166; x_wconf 83' lang='lat' dir='ltr'>simplicem</span> <span class='ocrx_word' id='word_1_97' title='bbox 428 1123 728 1168; x_wconf 65' lang='lat' dir='ltr'>Junyer-manniae</span> <span class='ocrx_word' id='word_1_98' title='bbox 772 1123 1085 1168; x_wconf 72' lang='lat' dir='ltr'>quinquedentatae</span> <span class='ocrx_word' id='word_1_99' title='bbox 1131 1123 1257 1165; x_wconf 83' lang='lat' dir='ltr'>fingat.</span> <span class='ocrx_word' id='word_1_100' title='bbox 1329 1123 1387 1156; x_wconf 86' lang='lat' dir='ltr'>Ex</span> <span class='ocrx_word' id='word_1_101' title='bbox 1437 1124 1544 1168; x_wconf 85' lang='lat' dir='ltr'>apice</span> <span class='ocrx_word' id='word_1_102' title='bbox 1594 1131 1720 1159; x_wconf 84' lang='lat' dir='ltr'>costae</span> 
     </span>
     <span class='ocr_line' id='line_1_16' title="bbox 185 1182 1721 1227; baseline 0 -11"><span class='ocrx_word' id='word_1_103' title='bbox 185 1182 355 1225; x_wconf 80' lang='lat' dir='ltr'>exsurgit</span> <span class='ocrx_word' id='word_1_104' title='bbox 381 1183 557 1227; x_wconf 79' lang='lat' dir='ltr'>capsula,</span> <span class='ocrx_word' id='word_1_105' title='bbox 595 1188 784 1217; x_wconf 82' lang='lat' dir='ltr'>structura</span> <span class='ocrx_word' id='word_1_106' title='bbox 818 1182 970 1217; x_wconf 89' lang='lat' dir='ltr'>omnino</span> <span class='ocrx_word' id='word_1_107' title='bbox 998 1182 1140 1217; x_wconf 85' lang='lat' dir='ltr'>fructus</span> <span class='ocrx_word' id='word_1_108' title='bbox 1168 1183 1452 1225; x_wconf 79' lang='lat' dir='ltr'>Antliocerotis,</span> <span class='ocrx_word' id='word_1_109' title='bbox 1488 1182 1721 1226; x_wconf 85' lang='lat' dir='ltr'>longitudine</span> 
     </span>
     <span class='ocr_line' id='line_1_17' title="bbox 186 1242 1723 1287; baseline -0.001 -11"><span class='ocrx_word' id='word_1_110' title='bbox 186 1243 339 1285; x_wconf 79' lang='lat' dir='ltr'>frondis,</span> <span class='ocrx_word' id='word_1_111' title='bbox 355 1242 690 1287; x_wconf 87' lang='lat' dir='ltr'>perpendicularis,</span> <span class='ocrx_word' id='word_1_112' title='bbox 713 1242 908 1276; x_wconf 88' lang='lat' dir='ltr'>involucro</span> <span class='ocrx_word' id='word_1_113' title='bbox 924 1243 1068 1277; x_wconf 83' lang='lat' dir='ltr'>minuto</span> <span class='ocrx_word' id='word_1_114' title='bbox 1089 1242 1245 1286; x_wconf 88' lang='lat' dir='ltr'>globoso</span> <span class='ocrx_word' id='word_1_115' title='bbox 1261 1242 1423 1282; x_wconf 87' lang='lat' dir='ltr'>cincta.“</span> <span class='ocrx_word' id='word_1_116' title='bbox 1449 1242 1723 1285; x_wconf 80' lang='lat' dir='ltr'>(Scliweinitz.)</span> 
     </span>
    </p>
   </div>
   <div class='ocr_carea' id='block_1_3' title="bbox 496 1314 1408 1410">
    <p class='ocr_par' dir='ltr' id='par_1_3' title="bbox 496 1314 1408 1410">
     <span class='ocr_line' id='line_1_18' title="bbox 795 1314 1115 1357; baseline -0.003 -9"><span class='ocrx_word' id='word_1_117' title='bbox 795 1314 952 1357; x_wconf 84' lang='lat' dir='ltr'>Species</span> <span class='ocrx_word' id='word_1_118' title='bbox 980 1315 1115 1348; x_wconf 86' lang='lat' dir='ltr'>aliena.</span> 
     </span>
     <span class='ocr_line' id='line_1_19' title="bbox 496 1374 1408 1410; baseline 0.001 -3"><span class='ocrx_word' id='word_1_119' title='bbox 496 1376 508 1407; x_wconf 68' lang='grc' dir='ltr'><em>τ</em></span> <span class='ocrx_word' id='word_1_120' title='bbox 539 1377 592 1409; x_wconf 79' lang='lat'>18.</span> <span class='ocrx_word' id='word_1_121' title='bbox 643 1374 970 1409; x_wconf 63' lang='lat' dir='ltr'>Anthou-eros</span> <span class='ocrx_word' id='word_1_122' title='bbox 998 1375 1260 1410; x_wconf 69' lang='lat' dir='ltr'>dissectas</span> <span class='ocrx_word' id='word_1_123' title='bbox 1287 1374 1408 1409; x_wconf 88' lang='lat' dir='ltr'>Mont.</span> 
     </span>
    </p>
   </div>
   <div class='ocr_carea' id='block_1_4' title="bbox 180 1443 1715 1790">
    <p class='ocr_par' dir='ltr' id='par_1_4' title="bbox 180 1443 1715 1790">
     <span class='ocr_line' id='line_1_20' title="bbox 288 1443 1715 1492; baseline -0.003 -11"><span class='ocrx_word' id='word_1_124' title='bbox 288 1448 332 1481; x_wconf 74' lang='lat' dir='ltr'>cl.</span> <span class='ocrx_word' id='word_1_125' title='bbox 360 1446 496 1492; x_wconf 73' lang='lat' dir='ltr'>fronde</span> <span class='ocrx_word' id='word_1_126' title='bbox 533 1459 550 1480; x_wconf 81' lang='lat' dir='ltr'>e</span> <span class='ocrx_word' id='word_1_127' title='bbox 590 1445 664 1480; x_wconf 75' lang='lat' dir='ltr'>basi</span> <span class='ocrx_word' id='word_1_128' title='bbox 701 1452 850 1490; x_wconf 65' lang='lat' dir='ltr'>auqusta</span> <span class='ocrx_word' id='word_1_129' title='bbox 887 1445 1218 1479; x_wconf 71' lang='lat' dir='ltr'>cuneum—dilatata</span> <span class='ocrx_word' id='word_1_130' title='bbox 1257 1445 1503 1479; x_wconf 64' lang='lat' dir='ltr'>multinercosa</span> <span class='ocrx_word' id='word_1_131' title='bbox 1540 1443 1715 1490; x_wconf 76' lang='lat' dir='ltr'>palmato-</span> 
     </span>
     <span class='ocr_line' id='line_1_21' title="bbox 184 1506 1224 1554; baseline -0.002 -13"><span class='ocrx_word' id='word_1_132' title='bbox 184 1507 373 1554; x_wconf 74' lang='lat' dir='ltr'>multifida,</span> <span class='ocrx_word' id='word_1_133' title='bbox 401 1506 538 1541; x_wconf 78' lang='lat' dir='ltr'>laciniis</span> <span class='ocrx_word' id='word_1_134' title='bbox 563 1506 957 1553; x_wconf 76' lang='lat' dir='ltr'>capillaceo—dissectis,</span> <span class='ocrx_word' id='word_1_135' title='bbox 980 1506 1114 1551; x_wconf 75' lang='lat' dir='ltr'>fi&#39;uctu</span> <span class='ocrx_word' id='word_1_136' title='bbox 1142 1531 1149 1539; x_wconf 92' lang='lat'>.</span> <span class='ocrx_word' id='word_1_137' title='bbox 1180 1532 1187 1539; x_wconf 92' lang='lat'>.</span> <span class='ocrx_word' id='word_1_138' title='bbox 1218 1532 1224 1539; x_wconf 93' lang='lat'>.</span> 
     </span>
     <span class='ocr_line' id='line_1_22' title="bbox 376 1564 1715 1612; baseline -0.003 -13"><span class='ocrx_word' id='word_1_139' title='bbox 376 1568 596 1600; x_wconf 76' lang='lat' dir='ltr'>Antboccros</span> <span class='ocrx_word' id='word_1_140' title='bbox 635 1568 803 1599; x_wconf 76' lang='lat' dir='ltr'>dissectus</span> <span class='ocrx_word' id='word_1_141' title='bbox 841 1566 963 1600; x_wconf 78' lang='lat' dir='ltr'>Mont.</span> <span class='ocrx_word' id='word_1_142' title='bbox 994 1566 1092 1599; x_wconf 77' lang='lat' dir='ltr'>Ceut.</span> <span class='ocrx_word' id='word_1_143' title='bbox 1114 1565 1166 1612; x_wconf 79' lang='lat' dir='ltr'>pl.</span> <span class='ocrx_word' id='word_1_144' title='bbox 1194 1564 1268 1599; x_wconf 83' lang='lat' dir='ltr'>cell.</span> <span class='ocrx_word' id='word_1_145' title='bbox 1298 1565 1332 1598; x_wconf 79' lang='lat' dir='ltr'>in</span> <span class='ocrx_word' id='word_1_146' title='bbox 1363 1565 1458 1598; x_wconf 71' lang='lat' dir='ltr'>Arm.</span> <span class='ocrx_word' id='word_1_147' title='bbox 1486 1565 1541 1597; x_wconf 80' lang='lat' dir='ltr'>(les</span> <span class='ocrx_word' id='word_1_148' title='bbox 1565 1575 1612 1597; x_wconf 77' lang='lat' dir='ltr'>sc.</span> <span class='ocrx_word' id='word_1_149' title='bbox 1641 1569 1715 1596; x_wconf 76' lang='lat' dir='ltr'>nat.</span> 
     </span>
     <span class='ocr_line' id='line_1_23' title="bbox 461 1625 1034 1671; baseline 0 -11"><span class='ocrx_word' id='word_1_150' title='bbox 461 1629 496 1661; x_wconf 79' lang='lat'>2.</span> <span class='ocrx_word' id='word_1_151' title='bbox 525 1627 636 1661; x_wconf 58' lang='lat' dir='ltr'>sbrie.</span> <span class='ocrx_word' id='word_1_152' title='bbox 666 1625 739 1660; x_wconf 86' lang='lat' dir='ltr'>IX.</span> <span class='ocrx_word' id='word_1_153' title='bbox 764 1638 800 1671; x_wconf 83' lang='lat' dir='ltr'>p.</span> <span class='ocrx_word' id='word_1_154' title='bbox 828 1628 886 1660; x_wconf 84' lang='lat'>40.</span> <span class='ocrx_word' id='word_1_155' title='bbox 912 1637 947 1659; x_wconf 78' lang='lat' dir='ltr'>n.</span> <span class='ocrx_word' id='word_1_156' title='bbox 974 1628 1034 1660; x_wconf 86' lang='lat'>69.</span> 
     </span>
     <span class='ocr_line' id='line_1_24' title="bbox 280 1682 1715 1729; baseline -0.002 -9"><span class='ocrx_word' id='word_1_157' title='bbox 280 1685 460 1727; x_wconf 80' lang='lat' dir='ltr'>Habitat,</span> <span class='ocrx_word' id='word_1_158' title='bbox 510 1687 613 1720; x_wconf 80' lang='lat' dir='ltr'>saxis</span> <span class='ocrx_word' id='word_1_159' title='bbox 653 1686 847 1720; x_wconf 86' lang='lat' dir='ltr'>inundatis</span> <span class='ocrx_word' id='word_1_160' title='bbox 884 1686 1115 1726; x_wconf 82' lang='lat' dir='ltr'>adhaerens,</span> <span class='ocrx_word' id='word_1_161' title='bbox 1154 1685 1190 1719; x_wconf 88' lang='lat' dir='ltr'>in</span> <span class='ocrx_word' id='word_1_162' title='bbox 1230 1685 1333 1729; x_wconf 82' lang='lat' dir='ltr'>Hyta</span> <span class='ocrx_word' id='word_1_163' title='bbox 1369 1695 1478 1718; x_wconf 86' lang='lat' dir='ltr'>amne</span> <span class='ocrx_word' id='word_1_164' title='bbox 1518 1682 1715 1723; x_wconf 79' lang='lat' dir='ltr'>Brasiliae,</span> 
     </span>
     <span class='ocr_line' id='line_1_25' title="bbox 180 1743 1713 1790; baseline -0.003 -10"><span class='ocrx_word' id='word_1_165' title='bbox 180 1750 201 1780; x_wconf 82' lang='lat'>5</span> <span class='ocrx_word' id='word_1_166' title='bbox 229 1746 486 1781; x_wconf 85' lang='lat' dir='ltr'>milliariorum</span> <span class='ocrx_word' id='word_1_167' title='bbox 525 1747 659 1781; x_wconf 88' lang='lat' dir='ltr'>itinere</span> <span class='ocrx_word' id='word_1_168' title='bbox 695 1757 715 1779; x_wconf 85' lang='lat' dir='ltr'>a</span> <span class='ocrx_word' id='word_1_169' title='bbox 745 1745 1050 1790; x_wconf 83' lang='lat' dir='ltr'>Sebastianopoli</span> <span class='ocrx_word' id='word_1_170' title='bbox 1088 1746 1202 1789; x_wconf 86' lang='lat' dir='ltr'>(Aug.</span> <span class='ocrx_word' id='word_1_171' title='bbox 1230 1745 1276 1779; x_wconf 90' lang='lat' dir='ltr'>de</span> <span class='ocrx_word' id='word_1_172' title='bbox 1305 1745 1361 1779; x_wconf 92' lang='lat' dir='ltr'>St.</span> <span class='ocrx_word' id='word_1_173' title='bbox 1394 1744 1537 1778; x_wconf 88' lang='lat' dir='ltr'>Hilaire</span> <span class='ocrx_word' id='word_1_174' title='bbox 1572 1743 1608 1777; x_wconf 90' lang='lat' dir='ltr'>in</span> <span class='ocrx_word' id='word_1_175' title='bbox 1639 1743 1713 1777; x_wconf 84' lang='lat' dir='ltr'>Hb.</span> 
     </span>
    </p>
   </div>
   <div class='ocr_carea' id='block_1_5' title="bbox 180 1806 910 1902">
    <p class='ocr_par' dir='ltr' id='par_1_5' title="bbox 180 1806 910 1902">
     <span class='ocr_line' id='line_1_26' title="bbox 180 1806 405 1852; baseline 0 -12"><span class='ocrx_word' id='word_1_176' title='bbox 180 1806 233 1840; x_wconf 79' lang='lat' dir='ltr'>M.</span> <span class='ocrx_word' id='word_1_177' title='bbox 262 1811 297 1840; x_wconf 86' lang='lat' dir='ltr'>et</span> <span class='ocrx_word' id='word_1_178' title='bbox 327 1806 405 1852; x_wconf 84' lang='lat' dir='ltr'>N.).</span> 
     </span>
     <span class='ocr_line' id='line_1_27' title="bbox 275 1866 910 1902; baseline -0.002 -1"><span class='ocrx_word' id='word_1_179' title='bbox 275 1867 332 1901; x_wconf 84' lang='lat' dir='ltr'>An</span> <span class='ocrx_word' id='word_1_180' title='bbox 362 1867 550 1902; x_wconf 68' lang='lat' dir='ltr'>Moza-erae</span> <span class='ocrx_word' id='word_1_181' title='bbox 574 1866 770 1900; x_wconf 81' lang='lat' dir='ltr'>cuiusdam</span> <span class='ocrx_word' id='word_1_182' title='bbox 798 1866 910 1900; x_wconf 78' lang='lat' dir='ltr'>folia?</span> 
     </span>
    </p>
   </div>
   <div class='ocr_carea' id='block_1_6' title="bbox 405 1937 1478 2043">
    <p class='ocr_par' dir='ltr' id='par_1_6' title="bbox 405 1937 1478 2043">
     <span class='ocr_line' id='line_1_28' title="bbox 705 1937 1198 1983; baseline -0.002 -10"><span class='ocrx_word' id='word_1_183' title='bbox 705 1939 862 1983; x_wconf 86' lang='lat' dir='ltr'>Species</span> <span class='ocrx_word' id='word_1_184' title='bbox 889 1939 1056 1973; x_wconf 86' lang='lat' dir='ltr'>incertae</span> <span class='ocrx_word' id='word_1_185' title='bbox 1083 1937 1198 1972; x_wconf 88' lang='lat' dir='ltr'>sedis.</span> 
     </span>
     <span class='ocr_line' id='line_1_29' title="bbox 405 1996 1478 2043; baseline -0.002 -12"><span class='ocrx_word' id='word_1_186' title='bbox 405 2001 417 2031; x_wconf 71' lang='lat'><em>2</em></span> <span class='ocrx_word' id='word_1_187' title='bbox 448 2001 501 2032; x_wconf 87' lang='grc'>19.</span> <span class='ocrx_word' id='word_1_188' title='bbox 552 1998 880 2034; x_wconf 71' lang='grc' dir='ltr'>ΑητῙιοσειὌε</span> <span class='ocrx_word' id='word_1_189' title='bbox 906 1997 1325 2043; x_wconf 69' lang='grc' dir='ltr'>εηαὶυἱαεῙοῑὶαε</span> <span class='ocrx_word' id='word_1_190' title='bbox 1361 1996 1478 2030; x_wconf 86' lang='lat' dir='ltr'>Mont.</span> 
     </span>
    </p>
   </div>
   <div class='ocr_carea' id='block_1_7' title="bbox 175 2067 1711 2596">
    <p class='ocr_par' dir='ltr' id='par_1_7' title="bbox 175 2067 1710 2234">
     <span class='ocr_line' id='line_1_30' title="bbox 275 2067 1709 2116; baseline -0.003 -12"><span class='ocrx_word' id='word_1_191' title='bbox 275 2070 324 2104; x_wconf 77' lang='grc' dir='ltr'>Α.</span> <span class='ocrx_word' id='word_1_192' title='bbox 341 2069 474 2114; x_wconf 80' lang='lat' dir='ltr'>fronde</span> <span class='ocrx_word' id='word_1_193' title='bbox 499 2071 616 2104; x_wconf 72' lang='lat' dir='ltr'>enervi</span> <span class='ocrx_word' id='word_1_194' title='bbox 641 2070 766 2104; x_wconf 80' lang='lat' dir='ltr'>lineari</span> <span class='ocrx_word' id='word_1_195' title='bbox 779 2069 932 2115; x_wconf 77' lang='lat' dir='ltr'>furcata</span> <span class='ocrx_word' id='word_1_196' title='bbox 957 2071 1053 2116; x_wconf 77' lang='lat' dir='ltr'>apice</span> <span class='ocrx_word' id='word_1_197' title='bbox 1087 2070 1238 2103; x_wconf 74' lang='lat' dir='ltr'>rotunda</span> <span class='ocrx_word' id='word_1_198' title='bbox 1270 2067 1444 2114; x_wconf 78' lang='lat' dir='ltr'>ampliata</span> <span class='ocrx_word' id='word_1_199' title='bbox 1475 2067 1582 2101; x_wconf 80' lang='lat' dir='ltr'>medio</span> <span class='ocrx_word' id='word_1_200' title='bbox 1601 2067 1709 2099; x_wconf 63' lang='lat' dir='ltr'>‘cras-</span> 
     </span>
     <span class='ocr_line' id='line_1_31' title="bbox 176 2126 1710 2176; baseline -0.003 -14"><span class='ocrx_word' id='word_1_201' title='bbox 176 2129 348 2171; x_wconf 65' lang='lat' dir='ltr'>simula,</span> <span class='ocrx_word' id='word_1_202' title='bbox 372 2129 491 2165; x_wconf 72' lang='lat' dir='ltr'>subtus</span> <span class='ocrx_word' id='word_1_203' title='bbox 516 2129 699 2165; x_wconf 78' lang='lat' dir='ltr'>raclicellas</span> <span class='ocrx_word' id='word_1_204' title='bbox 721 2137 910 2176; x_wconf 77' lang='lat' dir='ltr'>promente,</span> <span class='ocrx_word' id='word_1_205' title='bbox 938 2129 1071 2164; x_wconf 81' lang='lat' dir='ltr'>ambitu</span> <span class='ocrx_word' id='word_1_206' title='bbox 1104 2135 1218 2162; x_wconf 79' lang='lat' dir='ltr'>tenere</span> <span class='ocrx_word' id='word_1_207' title='bbox 1250 2126 1508 2161; x_wconf 78' lang='lat' dir='ltr'>membranacea</span> <span class='ocrx_word' id='word_1_208' title='bbox 1532 2126 1710 2171; x_wconf 78' lang='lat' dir='ltr'>crispatis—</span> 
     </span>
     <span class='ocr_line' id='line_1_32' title="bbox 175 2189 546 2234; baseline 0.003 -12"><span class='ocrx_word' id='word_1_209' title='bbox 175 2190 283 2231; x_wconf 81' lang='lat' dir='ltr'>sima‚</span> <span class='ocrx_word' id='word_1_210' title='bbox 306 2189 438 2234; x_wconf 74' lang='lat' dir='ltr'>fructu</span> <span class='ocrx_word' id='word_1_211' title='bbox 464 2217 473 2225; x_wconf 92' lang='lat'>.</span> <span class='ocrx_word' id='word_1_212' title='bbox 503 2216 509 2223; x_wconf 93' lang='lat'>.</span> <span class='ocrx_word' id='word_1_213' title='bbox 539 2216 546 2223; x_wconf 91' lang='lat'>.</span> 
     </span>
    </p>

    <p class='ocr_par' dir='ltr' id='par_1_8' title="bbox 371 2245 1708 2296">
     <span class='ocr_line' id='line_1_33' title="bbox 371 2245 1708 2296; baseline -0.003 -13"><span class='ocrx_word' id='word_1_214' title='bbox 371 2250 586 2283; x_wconf 87' lang='lat' dir='ltr'>Anthoceros</span> <span class='ocrx_word' id='word_1_215' title='bbox 614 2251 878 2284; x_wconf 76' lang='lat' dir='ltr'>endiviaesolius</span> <span class='ocrx_word' id='word_1_216' title='bbox 905 2250 1022 2284; x_wconf 81' lang='lat' dir='ltr'>Mont.</span> <span class='ocrx_word' id='word_1_217' title='bbox 1050 2251 1087 2284; x_wconf 76' lang='lat' dir='ltr'>in</span> <span class='ocrx_word' id='word_1_218' title='bbox 1106 2248 1188 2296; x_wconf 72' lang='lat' dir='ltr'>Voy.</span> <span class='ocrx_word' id='word_1_219' title='bbox 1216 2261 1263 2282; x_wconf 86' lang='lat' dir='ltr'>au</span> <span class='ocrx_word' id='word_1_220' title='bbox 1290 2246 1382 2281; x_wconf 80' lang='grc' dir='ltr'>Ρῦἰε</span> <span class='ocrx_word' id='word_1_221' title='bbox 1408 2245 1495 2281; x_wconf 70' lang='lat' dir='ltr'>Sml,</span> <span class='ocrx_word' id='word_1_222' title='bbox 1525 2246 1555 2280; x_wconf 92' lang='lat' dir='ltr'>I.</span> <span class='ocrx_word' id='word_1_223' title='bbox 1578 2248 1708 2292; x_wconf 78' lang='lat' dir='ltr'>p.211.</span> 
     </span>
    </p>

    <p class='ocr_par' dir='ltr' id='par_1_9' title="bbox 178 2305 1711 2416">
     <span class='ocr_line' id='line_1_34' title="bbox 275 2305 1711 2355; baseline -0.004 -11"><span class='ocrx_word' id='word_1_224' title='bbox 275 2309 435 2344; x_wconf 83' lang='lat' dir='ltr'>Habitat</span> <span class='ocrx_word' id='word_1_225' title='bbox 460 2309 498 2344; x_wconf 89' lang='lat' dir='ltr'>in</span> <span class='ocrx_word' id='word_1_226' title='bbox 526 2310 620 2345; x_wconf 87' lang='lat' dir='ltr'>freto</span> <span class='ocrx_word' id='word_1_227' title='bbox 646 2310 900 2355; x_wconf 87' lang='lat' dir='ltr'>Magellanico</span> <span class='ocrx_word' id='word_1_228' title='bbox 928 2311 1036 2355; x_wconf 82' lang='lat' dir='ltr'>(Port</span> <span class='ocrx_word' id='word_1_229' title='bbox 1062 2309 1260 2353; x_wconf 86' lang='lat' dir='ltr'>Famine);</span> <span class='ocrx_word' id='word_1_230' title='bbox 1291 2317 1378 2341; x_wconf 90' lang='lat' dir='ltr'>cum</span> <span class='ocrx_word' id='word_1_231' title='bbox 1403 2306 1487 2341; x_wconf 83' lang='lat' dir='ltr'>aliis</span> <span class='ocrx_word' id='word_1_232' title='bbox 1514 2305 1711 2350; x_wconf 82' lang='lat' dir='ltr'>Hepaticis</span> 
     </span>
     <span class='ocr_line' id='line_1_35' title="bbox 178 2370 564 2416; baseline 0.005 -13"><span class='ocrx_word' id='word_1_233' title='bbox 178 2371 247 2414; x_wconf 83' lang='lat' dir='ltr'>leg.</span> <span class='ocrx_word' id='word_1_234' title='bbox 275 2371 320 2405; x_wconf 93' lang='lat' dir='ltr'>cl.</span> <span class='ocrx_word' id='word_1_235' title='bbox 348 2370 564 2416; x_wconf 88' lang='lat' dir='ltr'>Jacquinot.</span> 
     </span>
    </p>

    <p class='ocr_par' dir='ltr' id='par_1_10' title="bbox 176 2424 1708 2596">
     <span class='ocr_line' id='line_1_36' title="bbox 274 2424 1708 2476; baseline -0.006 -11"><span class='ocrx_word' id='word_1_236' title='bbox 274 2430 383 2466; x_wconf 79' lang='lat' dir='ltr'>Obs.</span> <span class='ocrx_word' id='word_1_237' title='bbox 437 2431 559 2471; x_wconf 83' lang='lat' dir='ltr'>„Cum</span> <span class='ocrx_word' id='word_1_238' title='bbox 586 2431 680 2465; x_wconf 87' lang='lat' dir='ltr'>haec</span> <span class='ocrx_word' id='word_1_239' title='bbox 706 2431 835 2475; x_wconf 84' lang='lat' dir='ltr'>planta</span> <span class='ocrx_word' id='word_1_240' title='bbox 862 2431 1007 2476; x_wconf 83' lang='lat' dir='ltr'>absque</span> <span class='ocrx_word' id='word_1_241' title='bbox 1043 2428 1330 2465; x_wconf 83' lang='lat' dir='ltr'>fructificatione</span> <span class='ocrx_word' id='word_1_242' title='bbox 1356 2427 1509 2461; x_wconf 84' lang='lat' dir='ltr'>inventa</span> <span class='ocrx_word' id='word_1_243' title='bbox 1533 2424 1602 2466; x_wconf 88' lang='lat' dir='ltr'>sit,</span> <span class='ocrx_word' id='word_1_244' title='bbox 1635 2435 1708 2458; x_wconf 91' lang='lat' dir='ltr'>non</span> 
     </span>
     <span class='ocr_line' id='line_1_37' title="bbox 176 2484 1706 2535; baseline -0.003 -11"><span class='ocrx_word' id='word_1_245' title='bbox 176 2490 309 2535; x_wconf 83' lang='lat' dir='ltr'>liquet,</span> <span class='ocrx_word' id='word_1_246' title='bbox 337 2495 463 2524; x_wconf 87' lang='lat' dir='ltr'>utrum</span> <span class='ocrx_word' id='word_1_247' title='bbox 484 2490 530 2524; x_wconf 90' lang='lat' dir='ltr'>ad</span> <span class='ocrx_word' id='word_1_248' title='bbox 551 2489 796 2525; x_wconf 75' lang='lat' dir='ltr'>Anthocerotis</span> <span class='ocrx_word' id='word_1_249' title='bbox 822 2502 943 2535; x_wconf 84' lang='lat' dir='ltr'>genus</span> <span class='ocrx_word' id='word_1_250' title='bbox 964 2502 1011 2525; x_wconf 89' lang='lat' dir='ltr'>an</span> <span class='ocrx_word' id='word_1_251' title='bbox 1031 2491 1077 2525; x_wconf 87' lang='lat' dir='ltr'>ad</span> <span class='ocrx_word' id='word_1_252' title='bbox 1096 2490 1239 2524; x_wconf 72' lang='lat' dir='ltr'>Lucidis</span> <span class='ocrx_word' id='word_1_253' title='bbox 1264 2498 1381 2532; x_wconf 87' lang='lat' dir='ltr'>genus</span> <span class='ocrx_word' id='word_1_254' title='bbox 1407 2486 1454 2521; x_wconf 90' lang='lat' dir='ltr'>sit</span> <span class='ocrx_word' id='word_1_255' title='bbox 1472 2484 1706 2519; x_wconf 83' lang='lat' dir='ltr'>referenda.“</span> 
     </span>
     <span class='ocr_line' id='line_1_38' title="bbox 176 2549 445 2596; baseline 0.004 -13"><span class='ocrx_word' id='word_1_256' title='bbox 176 2549 316 2594; x_wconf 88' lang='lat' dir='ltr'>(Mont.</span> <span class='ocrx_word' id='word_1_257' title='bbox 344 2550 367 2585; x_wconf 90' lang='lat' dir='ltr'>l.</span> <span class='ocrx_word' id='word_1_258' title='bbox 395 2550 445 2596; x_wconf 87' lang='lat' dir='ltr'>c.)</span> 
     </span>
    </p>
   </div>
   <div class='ocr_carea' id='block_1_8' title="bbox 176 2618 1708 3026">
    <p class='ocr_par' dir='ltr' id='par_1_11' title="bbox 176 2618 1708 3026">
     <span class='ocr_line' id='line_1_39' title="bbox 446 2618 1435 2659; baseline -0.003 -6"><span class='ocrx_word' id='word_1_259' title='bbox 446 2623 458 2653; x_wconf 72' lang='lat'><em>2</em></span> <span class='ocrx_word' id='word_1_260' title='bbox 483 2625 542 2656; x_wconf 82' lang='lat'>20.</span> <span class='ocrx_word' id='word_1_261' title='bbox 593 2624 923 2659; x_wconf 64' lang='lat' dir='ltr'>Antaeo-eros</span> <span class='ocrx_word' id='word_1_262' title='bbox 948 2622 1288 2657; x_wconf 73' lang='lat' dir='ltr'>cic-horaceus</span> <span class='ocrx_word' id='word_1_263' title='bbox 1314 2618 1435 2652; x_wconf 86' lang='lat' dir='ltr'>Mont.</span> 
     </span>
     <span class='ocr_line' id='line_1_40' title="bbox 273 2677 1708 2728; baseline -0.003 -15"><span class='ocrx_word' id='word_1_264' title='bbox 273 2680 322 2714; x_wconf 90' lang='lat' dir='ltr'>A.</span> <span class='ocrx_word' id='word_1_265' title='bbox 337 2680 472 2725; x_wconf 71' lang='lat' dir='ltr'>simule</span> <span class='ocrx_word' id='word_1_266' title='bbox 495 2682 603 2716; x_wconf 75' lang='lat' dir='ltr'>viridi</span> <span class='ocrx_word' id='word_1_267' title='bbox 627 2684 676 2717; x_wconf 77' lang='lat' dir='ltr'>acl</span> <span class='ocrx_word' id='word_1_268' title='bbox 698 2689 855 2717; x_wconf 80' lang='lat' dir='ltr'>centrum</span> <span class='ocrx_word' id='word_1_269' title='bbox 878 2695 982 2728; x_wconf 81' lang='lat' dir='ltr'>usque</span> <span class='ocrx_word' id='word_1_270' title='bbox 1008 2681 1177 2716; x_wconf 76' lang='lat' dir='ltr'>laciniam</span> <span class='ocrx_word' id='word_1_271' title='bbox 1202 2678 1338 2713; x_wconf 79' lang='lat' dir='ltr'>laciniis</span> <span class='ocrx_word' id='word_1_272' title='bbox 1364 2678 1522 2722; x_wconf 74' lang='lat' dir='ltr'>viaryine</span> <span class='ocrx_word' id='word_1_273' title='bbox 1548 2677 1708 2722; x_wconf 76' lang='lat' dir='ltr'>crispatis</span> 
     </span>
     <span class='ocr_line' id='line_1_41' title="bbox 176 2736 1704 2788; baseline -0.003 -16"><span class='ocrx_word' id='word_1_274' title='bbox 176 2751 278 2773; x_wconf 75' lang='lat' dir='ltr'>nervo</span> <span class='ocrx_word' id='word_1_275' title='bbox 304 2740 416 2774; x_wconf 81' lang='lat' dir='ltr'>medio</span> <span class='ocrx_word' id='word_1_276' title='bbox 435 2741 629 2784; x_wconf 77' lang='lat' dir='ltr'>instructis,</span> <span class='ocrx_word' id='word_1_277' title='bbox 656 2742 833 2776; x_wconf 69' lang='lat' dir='ltr'>involucro</span> <span class='ocrx_word' id='word_1_278' title='bbox 852 2742 985 2788; x_wconf 77' lang='lat' dir='ltr'>oblique</span> <span class='ocrx_word' id='word_1_279' title='bbox 1002 2747 1164 2776; x_wconf 78' lang='lat' dir='ltr'>truncato</span> <span class='ocrx_word' id='word_1_280' title='bbox 1185 2738 1359 2785; x_wconf 76' lang='lat' dir='ltr'>capsulam</span> <span class='ocrx_word' id='word_1_281' title='bbox 1368 2736 1512 2783; x_wconf 76' lang='lat' dir='ltr'>fulvam</span> <span class='ocrx_word' id='word_1_282' title='bbox 1530 2741 1704 2780; x_wconf 73' lang='lat' dir='ltr'>aequante.</span> 
     </span>
     <span class='ocr_line' id='line_1_42' title="bbox 369 2800 835 2837; baseline 0.004 -3"><span class='ocrx_word' id='word_1_283' title='bbox 369 2800 486 2836; x_wconf 83' lang='lat' dir='ltr'>Mont.</span> <span class='ocrx_word' id='word_1_284' title='bbox 515 2801 612 2837; x_wconf 84' lang='lat' dir='ltr'>Cent.</span> <span class='ocrx_word' id='word_1_285' title='bbox 640 2802 689 2836; x_wconf 91' lang='lat' dir='ltr'>V.</span> <span class='ocrx_word' id='word_1_286' title='bbox 716 2815 752 2836; x_wconf 77' lang='grc' dir='ltr'>η.</span> <span class='ocrx_word' id='word_1_287' title='bbox 778 2805 835 2836; x_wconf 86' lang='grc'>80.</span> 
     </span>
     <span class='ocr_line' id='line_1_43' title="bbox 275 2859 795 2906; baseline 0.008 -14"><span class='ocrx_word' id='word_1_288' title='bbox 275 2859 436 2896; x_wconf 88' lang='lat' dir='ltr'>Habitat</span> <span class='ocrx_word' id='word_1_289' title='bbox 461 2861 499 2896; x_wconf 91' lang='lat' dir='ltr'>in</span> <span class='ocrx_word' id='word_1_290' title='bbox 527 2862 633 2897; x_wconf 88' lang='lat' dir='ltr'>Chile</span> <span class='ocrx_word' id='word_1_291' title='bbox 660 2862 795 2906; x_wconf 86' lang='lat' dir='ltr'>(Gay).</span> 
     </span>
     <span class='ocr_line' id='line_1_44' title="bbox 276 2919 1704 2965; baseline -0.001 -12"><span class='ocrx_word' id='word_1_292' title='bbox 276 2919 448 2955; x_wconf 90' lang='lat' dir='ltr'>Funiculi</span> <span class='ocrx_word' id='word_1_293' title='bbox 482 2922 640 2957; x_wconf 86' lang='lat' dir='ltr'>contorti</span> <span class='ocrx_word' id='word_1_294' title='bbox 677 2933 698 2956; x_wconf 87' lang='lat' dir='ltr'>e</span> <span class='ocrx_word' id='word_1_295' title='bbox 730 2922 821 2956; x_wconf 85' lang='lat' dir='ltr'>fibra</span> <span class='ocrx_word' id='word_1_296' title='bbox 856 2921 932 2955; x_wconf 82' lang='lat' dir='ltr'>lata</span> <span class='ocrx_word' id='word_1_297' title='bbox 970 2920 1128 2964; x_wconf 86' lang='lat' dir='ltr'>simplici</span> <span class='ocrx_word' id='word_1_298' title='bbox 1161 2920 1348 2965; x_wconf 84' lang='lat' dir='ltr'>spiraliter</span> <span class='ocrx_word' id='word_1_299' title='bbox 1383 2924 1479 2954; x_wconf 84' lang='lat' dir='ltr'>torta</span> <span class='ocrx_word' id='word_1_300' title='bbox 1505 2919 1605 2963; x_wconf 83' lang='lat' dir='ltr'>gyris</span> <span class='ocrx_word' id='word_1_301' title='bbox 1633 2928 1704 2952; x_wconf 88' lang='lat' dir='ltr'>nou</span> 
     </span>
     <span class='ocr_line' id='line_1_45' title="bbox 177 2978 876 3026; baseline 0.007 -16"><span class='ocrx_word' id='word_1_302' title='bbox 177 2978 362 3022; x_wconf 84' lang='lat' dir='ltr'>contiguis</span> <span class='ocrx_word' id='word_1_303' title='bbox 387 2982 596 3026; x_wconf 87' lang='lat' dir='ltr'>compositi.</span> <span class='ocrx_word' id='word_1_304' title='bbox 650 2982 768 3017; x_wconf 88' lang='lat' dir='ltr'>Mont.</span> <span class='ocrx_word' id='word_1_305' title='bbox 798 2985 819 3016; x_wconf 85' lang='lat' dir='ltr'>l.</span> <span class='ocrx_word' id='word_1_306' title='bbox 846 2994 876 3015; x_wconf 89' lang='lat' dir='ltr'>c.</span> 
     </span>
    </p>
   </div>
  </div>
 </body>
</html>
