1824 3252
703 176 918 210 Gottschea.
1529 176 1568 207 21

240 292 507 335 Jungermannia
533 292 752 333 glauccscens
781 288 895 322 Hoolt.
926 288 1039 321 [illiso.
1069 295 1155 321 exat.
1184 294 1207 320 ί.
1235 290 1291 321 39.
1323 288 1403 332 Syr.
1429 289 1467 322 S.
1497 288 1574 332 ch.

327 349 397 384 IV.
427 352 458 383 1.
487 360 527 394 p.
554 350 636 382 220.
672 359 705 382 π.
734 351 793 383 38.
846 348 1040 391 fllmztaqne
1076 346 1134 380 Cr.
1165 346 1284 391 Neely.
1321 348 1355 380 iu
1393 348 1488 382 Ami.
1522 348 1577 381 des

325 419 371 443 sc.
399 413 472 441 nat.
499 405 535 440 2.
564 407 642 441 Ser.
670 406 805 441 XVII.
829 418 867 452 p.
899 409 953 441 12.
981 419 1015 441 n.
1042 409 1102 441 63.

144 480 203 515 Ad
230 480 352 515 sinum
382 478 512 521 Dusky
543 478 623 521 Bay
652 477 781 512 Novae
809 476 1034 511 Zeelandiae
1070 477 1262 521 (Menzies
1297 477 1333 510 in
1362 478 1437 511 Hb.
1470 478 1572 520 Hie).

49 542 94 575 In
129 539 295 583 caespite
326 538 451 584 Hypni
483 537 728 583 subsimplicis‚
774 548 795 571 a
821 536 865 571 el.
895 537 1082 572 Perrottet
1108 549 1127 572 e
1158 537 1418 580 Neelgherries
1445 538 1571 573 adlata»

47 600 302 643 (Montagne).
1188 587 1191 589 ’

146 657 266 692 caulis
290 660 312 691 3
342 677 357 683 -
387 659 410 691 4
436 655 639 701 pollicaris.
690 655 795 690 Folia
814 657 947 700 glauca
967 655 1053 700 pilis
1070 656 1152 690 basi
1178 656 1418 690 subbulbosis
1441 657 1574 693 obsita.

50 717 171 759 Quem
201 716 360 763 Calycem
387 716 603 760 appellabat
629 715 674 750 el.
704 716 857 750 Hooker
894 716 962 749 hac
998 715 1034 749 in
1072 715 1196 759 speeie
1223 714 1501 749 evidentissime
1527 726 1575 749 ex

48 778 131 821 ipso
157 776 263 810 caule
281 779 427 809 constat
454 774 560 818 apice
587 774 752 807 nonnihil
780 778 945 808 tumente
964 774 1224 818 tubulosoque‚
1252 773 1311 807 cui
1339 773 1576 809 nihilominus

48 836 136 870 folia
162 833 354 878 superiora
382 833 450 876 (5-
469 836 492 866 6
517 832 682 876 parium)
715 844 736 866 a
771 832 922 876 reliquis
948 833 1102 876 plantae
1138 833 1234 866 soliis
1270 845 1399 876 parum
1427 835 1575 869 diversa

47 905 167 939 neque
194 894 312 934 magis
338 891 601 935 approximata
629 896 696 924 aut
722 895 903 933 congesta
929 891 1094 924 insident
1122 891 1194 931 ita,
1234 899 1272 925 ut
1305 895 1474 937 calyptra
1502 906 1574 929 non

48 953 115 988 nisi
144 951 334 995 decerptis
355 950 451 984 foliis
479 950 521 984 in·
544 955 788 994 conspectum
816 950 943 984 veniat
980 954 1017 983 et
1051 950 1285 994 pedunculus
1311 962 1455 986 summa
1482 951 1576 986 inter

46 1013 134 1047 folia
152 1023 199 1046 ex
219 1011 325 1055 apice
352 1010 471 1044 caulis
490 1020 679 1052 emergere
703 1009 885 1043 videatur.
939 1009 1125 1055 Orficiam
1152 1010 1225 1043 tubi
1251 1011 1386 1044 caulini
1410 1012 1574 1046 nonnihil

46 1075 276 1107 coarctatum
303 1068 452 1113 pistillis
480 1067 660 1102 abortivis
688 1067 858 1112 cinisque
885 1068 962 1101 sive
992 1068 1169 1102 aculeolis
1204 1070 1411 1109 nonnullis,
1445 1072 1575 1114 quales

46 1131 82 1164 in
117 1129 212 1164 soliis
246 1129 374 1170 vides,
423 1128 599 1163 cinctum.
671 1127 791 1161 Tubus
812 1127 974 1173 frutifer
1002 1127 1048 1160 ad
1075 1130 1098 1160 6
1125 1127 1306 1161 linearum
1344 1129 1574 1164 altitudinem

46 1189 257 1224 descendit.
300 1189 457 1222 Praeter
483 1189 582 1221 hunc
610 1188 751 1226 tubum,
776 1198 797 1220 a
824 1187 930 1220 caule
951 1187 1170 1230 profectum,
1198 1187 1394 1230 perianthii
1420 1189 1576 1232 vestigia

47 1261 118 1284 non
147 1253 342 1293 apparent.
394 1246 622 1281 Pedunculus
648 1246 837 1290 pollicaris
869 1246 1031 1288 gracilis.
1084 1245 1236 1292 Capsula
1262 1246 1434 1288 oblonga.
1486 1248 1575 1282 Ela-

46 1317 136 1343 teres
173 1307 355 1351 longiores
393 1318 504 1352 quam
544 1307 580 1340 in
619 1306 804 1341 Gotesclaeea
834 1305 1086 1352 pimzacq'fhh'a,
1140 1305 1280 1349 bispiri.
1342 1308 1484 1342 Semina
1516 1314 1571 1343 te-

46 1367 207 1402 tra‘edra.

142 1426 412 1461 Pilifoliorum
441 1426 671 1460 lamellarum
700 1426 931 1470 marginibus
960 1426 1124 1460 insident
1156 1427 1244 1461 folia
1267 1431 1307 1460 ut
1331 1426 1366 1460 in
1390 1426 1573 1461 (latesclzca

48 1485 222 1520 {amellam
263 1486 578 1530 percurrentium;
627 1486 813 1520 accedunt
852 1491 889 1521 et
931 1486 995 1530 pili
1038 1486 1160 1520 cristis
1201 1487 1279 1520 sive
1324 1487 1480 1520 lamellis
1514 1486 1571 1520 in-

46 1544 203 1580 teriecti.
267 1546 311 1579 In
351 1545 536 1579 Gottschea
564 1545 705 1579 Blnmia·
742 1550 779 1579 et
807 1546 1072 1580 Lelemauniana
1111 1546 1287 1580 cristulae
1322 1546 1573 1580 denticulatae

46 1608 193 1638 tantum
219 1605 256 1638 in
283 1609 438 1640 externa
468 1604 605 1648 pagiua
634 1605 709 1638 lobi
736 1604 933 1644 ventrinis,
961 1605 998 1638 in
1028 1605 1212 1638 Gotcscltea
1238 1604 1410 1638 lamellata
1439 1605 1476 1638 in
1503 1616 1571 1639 ex—

47 1668 154 1697 terna
181 1664 318 1706 pagina
346 1662 543 1707 utriusque
570 1663 642 1697 101ιί
659 1689 667 1704 ,
704 1663 739 1696 in
770 1663 957 1696 Gottscloea
988 1664 1224 1708 ylauceseeme.
1249 1665 1409 1708 denique
1436 1664 1473 1698 in
1502 1675 1571 1698 ex-

47 1726 152 1756 terna
178 1722 316 1765 pagiua
343 1721 536 1766 utriusque
563 1721 657 1761 lobi,
685 1725 722 1754 et
748 1720 784 1754 in
811 1721 959 1755 interna
985 1722 1120 1765 pagina
1150 1722 1222 1756 lobi
1253 1722 1429 1755 ventralis
1456 1723 1572 1766 partis

47 1780 199 1821 liberae,
233 1791 330 1824 quae
357 1781 442 1815 lobo
469 1781 606 1815 dorsali
636 1791 708 1814 non
737 1780 897 1823 tegitur,
941 1780 1076 1814 cristae
1113 1781 1300 1815 eiliolatae
1328 1781 1571 1824 reperiuntur.

46 1839 273 1883 (Gottsehe.)

419 1943 566 1985 Sectio
612 1944 676 1986 ΙΙ.
739 1943 1192 1999 complicatae.

139 2035 245 2070 Folia
270 2036 513 2080 complicata,
542 2042 582 2071 ut
608 2037 645 2071 in
674 2036 886 2080 Scapaniis.

142 2096 336 2130 Involucri·
354 2096 442 2130 solia
464 2097 522 2130 vel
546 2096 705 2130 caulinis
727 2095 931 2130 conformia
951 2096 1120 2129 tubulum
1149 2095 1377 2129 fructiferum
1406 2096 1566 2130 vestien-

44 2154 108 2195 tia,
137 2155 192 2189 vel
214 2154 251 2188 in
280 2155 442 2199 speciem
471 2156 671 2200 perianthii
697 2155 923 2199 monopliylli
950 2165 1012 2189 ore
1041 2154 1262 2197 regulariter
1287 2154 1393 2188 incisi
1421 2155 1569 2190 coalita.

556 2229 587 2271 §-
629 2231 657 2264 1.
712 2226 1049 2272 Ampleiyastriatae.

383 2303 437 2334 16.
491 2299 772 2335 &ott-schem
803 2297 995 2332 nobilis
1030 2297 1078 2330 N.
1106 2297 1153 2330 ab
1181 2296 1224 2331 E.

139 2370 184 2404 G.
211 2370 308 2405 caule
333 2371 428 2418 apice
452 2372 600 2405 ramisve
620 2369 901 2405 adscendentibus
920 2368 1145 2413 simplicibus,
1160 2367 1267 2412 foliis
1291 2369 1501 2415 complicatis
1526 2371 1572 2404 ad

41 2430 189 2464 mediam
204 2443 308 2476 usque
327 2430 442 2476 bifidis
456 2430 538 2464 lobis
551 2429 789 2476 inaequalibus
805 2429 913 2463 ovatis
931 2429 1043 2462 acutis
1061 2427 1414 2474 spinulam-serratis,
1442 2428 1571 2461 dot-sali

41 2490 62 2531 ἦ
105 2489 263 2530 breviori,
305 2489 567 2536 amphiyastriis
602 2487 865 2523 suborbiculatis
904 2486 1347 2532 emm-,qiaato-biclentatis
1374 2486 1565 2532 spinuloso-

40 2549 208 2590 serratis,
235 2548 376 2594 foliolis
415 2549 646 2582 ramentaceis
665 2548 893 2594 jasciculatis
930 2548 976 2580 ml
1008 2546 1105 2580 basin
1131 2545 1328 2591 foliorum,
1369 2545 1569 2591 periantlaein

41 2605 266 2654 (involucro)
294 2607 474 2642 terminali
499 2608 589 2642 ovali
613 2607 803 2653 subplicato
827 2619 886 2640 ore
912 2606 1019 2640 inciso
1045 2605 1183 2639 laciniis
1206 2605 1364 2639 serratis.

231 2669 500 2710 Jungermaunia
535 2668 660 2699 nobilis
705 2665 819 2700 Hook.
856 2665 972 2700 Maso.
1006 2671 1092 2699 croc.
1132 2671 1157 2698 t.
1196 2667 1248 2698 11.
1291 2663 1373 2710 Spr.
1411 2664 1448 2697 S.
1488 2663 1565 2706 1⁷13).

317 2725 386 2760 IV.
418 2728 449 2759 l.
479 2737 518 2771 p.
544 2728 627 2760 219.
654 2737 690 2759 n.
715 2728 775 2759 24.

140 2792 198 2826 Ad
224 2795 346 2829 sinum
374 2795 507 2840 Dusky
538 2797 617 2840 Bay
649 2796 781 2831 Novae
808 2780 1035 2829 Z'cclandiae
1063 2794 1247 2839 (Menzics
1274 2794 1310 2827 in
1338 2792 1532 2836 Hb.Hk.).

144 2863 262 2898 Cauiis
279 2866 470 2909 palmaris,
483 2866 752 2911 spithamaeus‚
766 2877 913 2911 pennae
928 2865 1105 2900 corvinae
1118 2865 1301 2906 crassitie,
1316 2862 1567 2905 sublignosus³

48 2921 146 2956 Folia
174 2921 263 2964 lata,
291 2924 536 2961 tlavoviridia.
589 2925 841 2960 Perianthium
870 2925 917 2959 ad
939 2926 1084 2960 iconem
1100 2923 1378 2959 Hookcrianam
1396 2932 1566 2966 parvum,
