1824 3252
561 190 870 234 Petalophyllum.
922 187 1089 231 Zoopsis.
1512 189 1580 220 473

71 306 314 342 semilinearis
340 309 377 338 et
404 304 496 339 ultra
513 328 522 346 ‚
558 302 808 345 irregulariter
835 302 1033 336 dehiscens
1065 310 1184 345 aequo
1211 299 1320 333 modo
1354 310 1397 333 ac
1430 299 1466 332 in
1494 299 1580 334 Fos-

68 366 259 400 sombrone'a
280 362 428 410 pusilla,
467 361 608 395 cellulis
643 360 932 405 quadrangulis,
970 359 1071 393 fibris
1105 358 1310 402 spiralibus
1344 358 1581 401 imperfectis.

73 426 231 458 Elateres
268 421 431 466 plerique
467 419 624 463 trispiri‚
667 419 774 453 acido
807 418 1020 463 sulphurico
1046 422 1286 452 concentrato
1312 417 1420 452 facile
1446 429 1466 452 e
1492 420 1582 454 tubo

71 484 246 517 solubiles
284 480 484 524 (tenuiores
520 489 632 523 quam
670 478 706 511 in
746 478 987 524 Petaloplzyllo
1020 476 1195 521 Ralfsiz').
1258 477 1401 510 Semina
1434 488 1582 521 magna,

70 545 187 581 fusca,
215 542 468 584 integumento
494 549 620 571 crasso
648 537 796 581 hyalino
825 537 1018 572 reticulato
1044 536 1286 577 circumdata,
1314 541 1353 570 ut
1378 537 1581 580 marginem

72 602 256 635 radiatum
283 600 419 633 habere
446 597 654 632 videantur.

453 691 587 732 XLI.
651 688 915 744 zoopsis
957 688 1105 729 Hook.
1138 689 1194 731 fil.

340 773 557 818 Cryptoyam.
585 770 649 805 bot.
676 770 719 816 qs
738 771 792 803 tlte
817 771 989 803 ‹antarctie
1019 769 1154 815 Voyaye
1181 781 1218 815 p.
1245 773 1303 804 ἐξ).

168 846 405 879 Involucrum
441 842 683 877 unilaterale.
719 852 738 874 e
771 841 936 885 squamis
973 839 1103 883 paucis
1139 839 1366 874 lanceolatis.
1425 841 1581 875 Perian-

69 904 183 937 thium
210 915 229 936 e
256 909 358 936 costa
385 901 524 935 frondis
563 900 709 940 oriens,
756 899 1036 943 pedicellatum‚
1076 901 1267 934 obevato-
1285 901 1508 942 oblongum,
1548 901 1585 934 in

71 962 225 995 lacinias
250 961 429 1005 plurimas
456 960 595 992 fissum.

166 1020 332 1054 Frondes
359 1019 532 1058 lineares,
561 1027 673 1061 parce
701 1028 882 1054 ramosae,
910 1029 929 1051 e
957 1018 1100 1052 cellulis
1120 1018 1327 1060 hexagonis
1354 1031 1420 1063 pro
1438 1021 1583 1063 magni-

71 1080 197 1113 tudine
223 1080 371 1124 plantae
399 1076 613 1111 maiusculis
639 1076 792 1110 tumidis
819 1076 1010 1117 formatae,
1037 1081 1138 1110 costa
1166 1077 1287 1111 media
1316 1078 1461 1119 valida,
1487 1090 1584 1113 mar-

73 1139 220 1181 ginibus
247 1138 409 1172 crenatis
436 1136 595 1171 subinde
623 1135 1000 1178 sinuato-repandis.
1055 1135 1308 1170 Periantbium
1336 1138 1489 1179 grande.

168 1198 321 1241 Species
350 1208 436 1239 una,
465 1197 500 1229 in
531 1195 666 1229 insulis
686 1194 920 1234 Aucklandii‚
950 1194 1058 1228 Nova
1077 1194 1276 1228 Zeelandia
1306 1201 1375 1229 ete.
1402 1207 1586 1231 crescens.

429 1278 457 1310 1.
515 1275 726 1318 zoopsis
751 1275 1011 1319 argentea
1038 1274 1160 1308 Hook.
1189 1275 1235 1308 fil.

260 1337 525 1379 Jungermannia
552 1334 769 1376 (Metzgeria)
798 1344 954 1376 argentea
986 1333 1117 1380 Taylor
1135 1334 1223 1380 Hep.
1247 1341 1396 1368 amm-ct.
1425 1335 1461 1367 in
1478 1334 1588 1369 Loml.

313 1396 439 1429 Journ.
453 1392 573 1438 ofbot.
593 1395 694 1426 1844.
711 1405 746 1437 p.
762 1396 843 1426 400.
861 1406 893 1426 η.
910 1396 968 1427 71.
1009 1394 1148 1426 ΗοοΙεει·
1166 1393 1187 1426 I.
1208 1406 1236 1427 e.
1258 1406 1296 1439 p.
1312 1397 1370 1427 ὁὸ.
1387 1400 1411 1427 t.
1427 1396 1484 1427 66.
1509 1393 1538 1436 f.
1554 1397 1587 1428 6.

169 1454 325 1487 Habitat
353 1454 388 1486 in
419 1452 525 1486 Nova
555 1452 776 1491 Zeelandia,
799 1451 835 1484 in
862 1452 1062 1485 Tasmania
1089 1458 1125 1486 et
1158 1453 1194 1486 in
1224 1452 1361 1486 Insulis
1391 1453 1586 1486 Auckland

71 1514 241 1549 (Houker
262 1514 373 1557 jun.).

168 1574 340 1618 Caespites
376 1571 502 1615 parvi,
545 1570 850 1613 procumbentes,
890 1570 1077 1614 argentei,
1119 1570 1214 1604 inter
1242 1581 1388 1605 muscos
1418 1572 1586 1615 dispersi.

74 1632 228 1665 Fromles
264 1630 548 1674 rigidiusculae‚
582 1633 637 1663 2-
655 1632 677 1662 3
703 1629 766 1662 lin.
795 1629 949 1672 longae,
977 1629 1312 1673 simpliciusculae‚
1346 1631 1588 1673 gracillimae‚

72 1701 307 1734 compressae
332 1690 389 1723 vel
417 1689 700 1732 complanatae,
736 1688 962 1730 pellucidae,
997 1700 1017 1722 e
1052 1689 1194 1723 cellulis
1220 1689 1439 1724 maiusculis
1465 1691 1584 1725 hexa-

72 1749 178 1792 gonis
209 1754 349 1783 costam
387 1747 546 1780 validam
584 1746 862 1780 includentibus
898 1748 1099 1788 formatae,
1135 1748 1366 1791 marginibus
1399 1759 1418 1781 e
1446 1748 1589 1782 cellulis

72 1807 321 1850 irregulariter
345 1805 641 1851 prominentibus
667 1805 1030 1851 sinuato—repandis,
1058 1808 1176 1841 rarius
1202 1807 1286 1841 hinc
1313 1807 1400 1842 inde
1426 1807 1463 1841 in
1484 1807 1589 1841 lobos

72 1867 262 1909 expansis,
288 1864 392 1900 costa
415 1865 569 1899 centrali
598 1864 707 1898 viridi
734 1866 870 1899 valida.
900 1866 1008 1900 Rami
1036 1867 1160 1910 pauci,
1187 1871 1371 1910 patentes,
1400 1867 1589 1911 simplices

74 1923 240 1958 rariusve
268 1924 412 1958 fui-eati.
466 1923 674 1957 Periantlzia
691 1934 758 1966 pro
785 1925 1041 1968 magnitudine
1060 1925 1211 1969 plantae
1237 1926 1414 1967 maxima,
1441 1937 1461 1959 e
1487 1931 1589 1960 costa

72 1987 172 2023 orta,
201 1985 360 2018 breviter
386 1983 631 2026 pedicellata‚
660 1984 847 2017 urceolata
875 1984 931 2017 vel
960 1985 1243 2028 campanulata‚
1278 1985 1363 2018 laxe
1398 1984 1588 2023 eellulosa,

72 2040 109 2074 in
137 2041 292 2076 lacinias
319 2043 498 2086 plurimas
524 2041 642 2084 magis
670 2043 885 2076 articulatas
919 2043 1115 2088 minusque
1147 2044 1330 2087 profunde
1362 2044 1469 2084 fissa,
1511 2042 1588 2077 basi

72 2105 280 2135 extrorsum
307 2101 472 2147 squamis
500 2101 629 2145 paucis
656 2101 878 2143 (involucro)
906 2102 1058 2136 munita.

169 2158 307 2193 Planta
335 2161 546 2203 singularis,
573 2160 662 2194 nulli
697 2160 964 2205 Hepaticarum
994 2162 1223 2205 cognitarum
1244 2163 1392 2197 arctiori
1415 2164 1589 2197 affinitate

74 2216 284 2253 coniuncta.
312 2239 357 2244 —
385 2219 579 2263 Caespites
606 2220 739 2253 format
764 2231 900 2264 parvos
928 2221 1064 2264 pallide
1101 2225 1296 2265 argenteos
1329 2222 1366 2255 in
1401 2223 1589 2257 radicibus

73 2275 207 2309 filicum
243 2278 490 2322 sylvestrium.
542 2278 750 2313 Fructifera
787 2291 858 2313 non
898 2280 967 2314 nisi
1001 2281 1039 2314 in
1069 2280 1176 2315 Nova
1204 2281 1404 2315 Zeelandia
1441 2282 1590 2318 iuventa

74 2340 147 2375 est,
181 2335 267 2370 licet
300 2342 337 2372 et
369 2337 406 2370 in
439 2337 641 2371 Tasmania
667 2339 909 2382 probabiliter
937 2339 1109 2384 frequens
1135 2340 1340 2383 proveniat.
1394 2341 1435 2373 In
1465 2343 1586 2385 speei-

76 2395 240 2428 minibus
268 2396 535 2430 Aueklandicis
562 2397 748 2440 margines
775 2398 840 2432 vix
868 2398 1004 2432 sinuati
1034 2405 1137 2439 sunt,
1173 2405 1208 2434 et
1241 2404 1319 2434 tota
1351 2400 1449 2433 frons
1477 2412 1589 2446 saepe

76 2465 147 2487 una
197 2455 360 2489 alterave
405 2460 548 2488 tantum
590 2461 734 2490 constat
777 2458 993 2492 cellularum
1036 2459 1129 2493 serie
1174 2460 1261 2492 axin
1310 2459 1502 2501 cingente;
1552 2460 1588 2494 in

73 2513 338 2556 speciminibus
365 2515 483 2549 altiori
513 2515 700 2548 latitudini
729 2517 908 2551 subiectis
936 2518 1120 2551 accedunt
1150 2518 1290 2562 aliquot
1324 2518 1438 2551 series
1471 2519 1586 2553 cellu-

76 2572 214 2612 larum,
250 2573 399 2608 frondes
435 2574 552 2617 magis
588 2579 675 2608 sunt
707 2586 965 2619 compressae,
1002 2576 1262 2621 marginesque
1288 2587 1414 2610 earum
1441 2583 1591 2622 propter

75 2631 228 2664 cellulas
265 2632 517 2675 irregulariter
557 2633 746 2677 adpositas
782 2635 874 2669 adeo
913 2635 1049 2669 sinuati
1085 2636 1268 2678 evadunt,
1308 2639 1349 2669 ut
1382 2636 1590 2671 rudimenta

76 2689 244 2723 foliorum
277 2691 460 2727 simulent.
525 2692 602 2726 Etsi
636 2693 853 2727 cellularum
888 2694 1049 2738 parietes
1083 2693 1291 2728 tenuissimi
1327 2693 1420 2732 sint,
1454 2694 1586 2729 nibilo-

77 2748 200 2781 minus
236 2753 360 2783 tamen
396 2755 474 2785 tota
511 2751 611 2787 frons
647 2757 700 2787 est
734 2753 893 2797 rigidula
929 2758 964 2788 et
991 2764 1086 2798 aqua
1115 2753 1324 2787 madefacta
1350 2753 1455 2786 tarde
1481 2753 1591 2787 resti-

75 2806 202 2840 tuitur.
255 2807 413 2853 Propter
439 2810 533 2845 hane
560 2812 746 2846 frondium
781 2813 855 2847 fere
883 2824 1054 2847 corneam
1082 2811 1319 2856 rigiditatem,
1355 2823 1427 2856 qua
1457 2813 1586 2847 Seriu—

77 2866 178 2901 lariis
215 2868 391 2903 accedere
418 2870 576 2912 videtur,
605 2873 755 2918 Zoopsin
783 2872 849 2906 hoc
877 2883 992 2914 genus
1020 2871 1301 2915 appellavimus.
