1824 3252
185 171 259 205 680
782 168 1094 212 Jungermannia.

283 282 422 317 Differt
448 293 468 316 a
495 282 606 326 ιῙιιηρ.
632 280 779 315 barbata
806 280 904 316 foliis
930 281 1050 326 magis
1075 281 1337 325 verticassibus,
1363 283 1485 319 minus
1512 284 1719 320 decurren-

185 343 288 378 tibus
315 347 352 377 et
378 343 460 376 basi
489 341 714 385 angustiori,
744 346 940 386 praeterea
971 342 1059 376 folia
1086 342 1208 376 trifida
1237 343 1355 386 mag-is
1380 344 1416 378 iu
1443 345 1722 380 summitatibus

183 403 436 448 reperiuntur,
461 401 709 446 foliorumque
735 401 894 436 cellulae
920 402 1085 438 minores
1110 407 1210 437 sunt.
1262 403 1412 447 (Taylor
1439 405 1462 439 l.
1489 408 1541 453 c.)

184 508 223 541 p.
256 499 332 530 122.
481 498 540 530 95.
580 496 1023 541 Junyermanaen’a
1050 496 1370 532 Isunzeana.

284 581 291 589 .
321 580 329 589 .
359 580 367 589 .
389 556 590 601 periantlaz‘o
616 554 795 589 terminali
819 554 1093 600 oblonyo-ovato
1117 555 1366 602 subcompresso
1390 556 1613 593 subtr-uncam
1641 559 1717 594 den-

186 614 342 657 ticulato,
368 614 508 661 capsula
534 614 822 661 oblmzyo—ocato.

375 677 648 718 Jnngermannia
675 677 864 708 Kuuzeana
903 675 1038 722 Taylm·
1072 677 1110 710 in
1137 676 1251 711 Lond.
1276 675 1407 712 Journ.
1443 677 1488 723 os
1514 676 1581 712 bot.
1617 679 1719 712 1845.

461 747 499 781 p.
526 737 610 769 278.
636 747 671 768 n.
699 738 734 769 6.

285 793 418 837 „Folia
445 794 677 829 involucralia
703 794 935 840 quadrifida,
963 796 1273 840 ampbigastrium
1301 796 1531 831 involucrale
1558 796 1721 838 bifidum,

187 853 313 889 omnia
333 855 371 888 in
397 854 476 889 basi
511 854 689 888 dentibus
712 856 844 899 paucis
872 856 1034 899 spinosis
1061 861 1224 896 armata,
1251 857 1438 890 interdum
1464 868 1560 891 unus
1587 857 1724 891 alterve

186 914 280 948 dens
305 914 479 959 superius
503 915 661 948 accedit.
690 915 943 965 Pe7·ia72thizc77z
965 927 1175 951 convexum
1199 928 1374 961 superne,
1402 916 1585 961 profunde
1606 926 1718 950 cana-

185 973 381 1008 liculatum
401 974 560 1009 inferne.
599 975 844 1010 Pcdunculus
865 983 998 1021 quater
1021 977 1221 1021 perianthii
1241 976 1512 1020 longitudinem
1536 978 1725 1020 superat.“

186 1066 224 1099 p.
256 1057 335 1090 122.
434 1060 494 1092 96.
529 1058 967 1103 Jmnyermamzia
993 1058 1227 1094 barbata
1256 1059 1413 1093 Schreb.

284 1118 426 1153 Omnes
462 1119 537 1153 sere
573 1119 713 1153 formae
748 1120 785 1153 in
813 1119 1070 1154 Groenlandia
1097 1118 1342 1163 pervulgatae
1369 1122 1457 1152 sunt
1487 1117 1725 1162 (Hb.Vahl),

187 1174 224 1208 in
256 1175 423 1211 lslandia
450 1190 566 1223 prope
597 1179 844 1223 Hafnafjord,
872 1179 1010 1214 Jokeln
1039 1184 1076 1212 et
1103 1178 1293 1213 Krisewik
1321 1179 1598 1222 (Steenstrup),
1623 1181 1658 1212 et
1683 1177 1723 1211 in

188 1235 430 1281 Spitzbergia
469 1239 515 1272 ad
554 1240 811 1283 Magdalenen
844 1240 926 1284 Bay
964 1240 1002 1273 in
1032 1238 1291 1273 Bell—Sound
1324 1239 1469 1284 (Vahl).
1521 1237 1613 1272 Var.
1636 1243 1723 1271 atte-

186 1302 295 1328 nuata
328 1295 365 1329 in
401 1298 572 1333 Islandia
607 1300 710 1344 apud
736 1300 956 1344 Thingvalle
984 1304 1022 1334 et
1048 1299 1140 1334 Var.
1169 1299 1317 1333 Fliirkii
1352 1299 1456 1343 apud
1484 1297 1664 1333 Krisewik
1702 1307 1725 1332 a

187 1354 233 1388 cl.
261 1355 485 1403 Steenstrup
513 1359 610 1394 lecta
637 1364 704 1394 est.

187 1449 224 1483 p.
254 1443 335 1475 127.
434 1445 481 1476 98
497 1443 531 1476 b.
560 1444 1000 1490 Janyermannia
1028 1444 1414 1488 conduplicata
1441 1442 1561 1485 Ldbg.

281 1499 321 1533 J.
347 1501 444 1535 caule
470 1509 610 1548 repente
641 1503 857 1545 subramoso,
891 1504 987 1545 foliis
1021 1505 1277 1549 adproximatc's
1298 1499 1726 1550 patenti-diveryentibus

187 1559 386 1606 rcfleaeisqzte
422 1564 569 1596 rotundo
585 1583 600 1588 -
619 1565 728 1598 ovatis
767 1563 1019 1610 conduplicatis
1059 1564 1154 1609 apice
1192 1559 1725 1608 emmyinato-2-3-‹lmtatz's

187 1615 324 1651 laciniis
349 1623 569 1668 matyineque
595 1624 725 1658 dorsali
752 1624 1001 1669 inteyerrimis,
1035 1625 1194 1668 maryine
1227 1623 1375 1657 ventrali
1410 1621 1726 1656 (lentato-serratis

187 1677 471 1722 intwwrimisce,
498 1683 762 1730 amphiyastriis
788 1685 898 1718 ovatis
925 1684 1157 1729 inaequaliter
1174 1681 1200 1717 2
1214 1682 1386 1728 —5-ficlis
1408 1682 1545 1717 laciniis
1559 1680 1726 1717 subulatis

187 1738 344 1782 mazyitze
368 1739 824 1789 subinteycrrimis‚fructa
852 1769 860 1777 .
890 1770 897 1778 .
928 1770 936 1778 .

385 1801 546 1836 Gottsche
571 1804 656 1837 Ιιόη
682 1804 793 1849 Juny.
822 1805 941 1839 inedit.

286 1859 449 1895 Habitat
476 1862 521 1896 ad
554 1863 625 1897 Rio
651 1863 806 1898 Janeiro
832 1864 1080 1907 (Luschnath,
1110 1864 1186 1898 Hb.
1215 1863 1282 1897 Ac.
1312 1862 1443 1905 Petr.).

288 1919 426 1954 Differt
463 1933 484 1955 a
518 1922 557 1957 J.
591 1923 769 1957 serrulam
807 1925 914 1958 caule
953 1924 1098 1958 laxiore
1134 1925 1325 1971 flexuoso,
1370 1921 1540 1956 soliorum
1578 1923 1728 1954 textura

189 1977 280 2010 laxa
299 1978 461 2021 hyalina,
490 1981 586 2015 foliis
607 1983 726 2026 magis
753 1983 981 2017 distantibus
1008 1983 1197 2028 plerisque
1223 1979 1728 2025 divergenti-patentissimis

189 2038 360 2081 margine
387 2038 524 2074 dorsali
552 2041 816 2086 integerrimis,
846 2042 1125 2087 amphigastriis
1152 2042 1273 2086 magis
1299 2040 1428 2075 incisis
1453 2037 1587 2083 planis.

188 2132 228 2165 p.
258 2124 337 2158 128.
366 2123 431 2159 lin.
458 2127 492 2158 6.
520 2124 585 2160 inf.
613 2125 686 2160 del.
716 2128 947 2168 ‚,arcuatis.“

213 2193 309 2229 ibid.
357 2195 422 2230 lin.
449 2199 484 2231 5.
511 2196 575 2232 inf.
604 2203 708 2242 post:
737 2197 953 2233 “incurvis“
981 2197 1146 2232 inseras:
1177 2195 1399 2231 “armatis.“

189 2287 227 2320 Ρ.
258 2278 339 2311 128.
451 2281 499 2313 99
520 2279 555 2312 b.
594 2281 1034 2327 Junyermannia
1058 2279 1285 2314 madida
1310 2277 1416 2321 Tayl.

284 2350 329 2385 J.
356 2350 453 2385 caule
478 2353 662 2398 caespitoso
688 2360 816 2387 erecto·
827 2364 982 2393 ramoso,
1016 2352 1124 2385 ramis
1149 2351 1270 2385 erectis
1283 2350 1507 2395 sanissimis,
1531 2348 1629 2393 foliis
1651 2346 1728 2381 laxe

189 2407 385 2445 imbricatis
405 2411 612 2458 patentibus
636 2411 949 2459 amplexicaulibus
972 2412 1126 2446 concavis
1151 2410 1480 2445 ovato-rotundatis
1505 2409 1631 2453 bifidis,
1655 2419 1726 2451 sey-

189 2472 317 2504 mentis
342 2472 455 2506 acutis
482 2472 635 2507 incurvis
658 2472 975 2518 subintcycrrimis,
1015 2472 1281 2518 amphiqastriis
1312 2468 1502 2504 maioribus
1527 2468 1596 2502 late
1620 2467 1728 2501 ovatis

192 2527 309 2575 bifidis
333 2531 640 2577 subinteyerrimis,
664 2534 868 2579 periantlzio
894 2533 1108 2580 cylindraceo
1133 2532 1342 2566 subincurvo
1367 2530 1461 2576 apice
1493 2529 1643 2562 dentato.

383 2594 655 2636 Jungermannia
682 2594 821 2626 madida
861 2594 965 2640 Tayl.
1004 2593 1097 2640 Hep.
1124 2598 1274 2626 amaret.
1308 2591 1346 2624 in
1379 2590 1494 2624 Lond.
1529 2587 1659 2622 Journ.
1691 2585 1732 2631 qs

475 2651 541 2686 bot,
579 2654 684 2687 1844.
708 2665 746 2699 p.
773 2656 857 2688 465.
885 2665 921 2688 n.
949 2656 1008 2688 24.

289 2711 335 2745 In
363 2711 490 2746 Insula
518 2712 691 2746 Hermite
719 2713 849 2747 Island
878 2713 926 2746 ad
955 2711 1256 2747 Promontorium
1285 2710 1392 2744 Horu
1418 2708 1593 2753 (Hooker
1610 2706 1727 2752 jun.)-

291 2769 463 2817 Caespices
501 2772 599 2815 laxi,
647 2773 790 2818 aliquot
828 2772 1004 2816 pollicum
1040 2772 1242 2812 diametro,
1290 2770 1329 2804 in
1369 2768 1476 2814 aquis
1517 2770 1728 2802 crescentes

194 2829 352 2865 obscure
388 2830 549 2874 virides,
591 2832 629 2866 iu
664 2832 765 2867 sicco
802 2832 1047 2867 rufescentes.
1107 2829 1229 2865 Caules
1262 2829 1481 2864 biunciales.
1533 2827 1639 2862 Folia
1665 2825 1729 2861 vix

193 2888 395 2924 imbricata
422 2891 469 2924 ad
495 2893 519 2934 ὲ
545 2892 592 2926 ab
619 2891 728 2937 apice
756 2891 888 2934 bifida,
923 2890 1083 2925 subinde
1109 2890 1147 2924 in
1173 2889 1342 2934 margine
1368 2888 1515 2934 postico
1541 2886 1728 2922 denticulo

195 2957 272 2982 uno
306 2950 470 2986 alterove
508 2951 713 2995 instructa,
757 2957 966 2987 structurae
1005 2950 1147 2985 minute
1183 2950 1398 2986 cellulosae.
1458 2946 1729 2995 Amphi-austria
