1824 3252
799 198 1001 243 Scapaaia.
1576 204 1646 238 661

130 321 167 355 p.
192 313 252 346 64.
444 314 480 346 6.
519 311 790 355 scapania
815 312 1105 356 subalpina
1131 311 1179 345 N.
1206 311 1253 346 ab
1280 312 1323 346 Ε,

229 395 237 404 .
264 395 272 403 .
301 396 308 405 .
338 395 346 403 .
374 371 575 416 periantliio
606 384 708 416 quam
739 371 953 407 involucrum
984 373 1095 405 multo
1120 371 1288 416 lonqiore,
1321 383 1363 405 ex
1393 377 1542 414 anqusta
1574 370 1649 407 basi

129 427 267 463 obovato
290 442 476 476 compresso
503 437 660 464 truncato
684 431 893 465 denticulato
916 431 979 474 (in
1003 444 1078 465 var.
1104 431 1126 470 β
1152 430 1363 475 ωιάιιῖξίοὶἰα
1387 431 1560 477 invento).

319 491 484 534 Scapania
511 491 686 534 subalpina
707 490 808 537 Tayl.
828 491 865 524 in
882 490 1130 525 Lond.J0u⁷-n.
1144 490 1260 536 quot.
1288 493 1389 525 1845.
1411 502 1449 536 p.
1460 493 1543 524 276.
1560 503 1595 525 π.
1609 493 1645 527 2.

226 547 386 583 Habitat
411 549 448 583 in
477 549 605 583 Scotia
632 549 759 593 alpina
792 550 1022 593 (Highlands
1047 549 1089 584 of
1108 550 1320 594 scotland),
1347 550 1584 585 Drummond
1607 550 1645 585 in

130 607 206 641 Hb.
234 608 309 642 Hk.

127 702 165 734 p.
191 694 251 725 65.
559 696 592 727 7.
630 693 901 737 §capania
925 693 1217 728 undulata.

128 750 213 782 Var·
233 754 262 781 A
280 749 325 793 ζ,
355 750 562 786 Bolivz'ensis
587 754 628 785 N.
654 763 686 785 et
704 754 752 784 M.
780 755 875 785 caule
893 753 1170 796 quadripollicari
1190 753 1321 784 inferne
1342 751 1529 791 denudato,
1554 751 1644 784 foliis

248 814 418 854 supremis
446 813 608 843 consertis
636 812 1127 855 viridi-susco-purpureoque
1155 813 1281 851 tinctis,
1309 811 1398 842 lobis
1426 810 1646 843 ovato-oibi-

246 871 416 902 cularibus
453 872 629 914 superiore
664 873 799 903 minore
836 872 991 902 inferiori
1018 871 1257 911 incumbente,
1299 879 1446 912 utroque
1481 880 1645 908 convexm

246 938 317 961 toto
346 929 478 961 ambitu
506 932 705 961 tenuissime
733 931 955 962 denticulato.

219 988 263 1021 In
300 987 461 1021 humidis
496 988 682 1031 sylvarum
718 1000 833 1032 prope
871 989 991 1022 lacum
1032 988 1138 1021 Incho
1170 987 1309 1022 dictum
1345 997 1452 1022 secus
1490 986 1587 1021 viam
1623 997 1645 1021 a

130 1047 203 1082 Rio
237 1047 283 1080 de
318 1047 352 1081 la
390 1047 561 1081 Reunion
596 1048 707 1083 fluvio
757 1049 804 1082 ad
838 1048 980 1082 Moleto
1012 1047 1214 1081 ducentem
1250 1047 1477 1091 (d'Orbigny
1504 1045 1541 1079 in
1567 1045 1644 1082 Hb.

123 1106 224 1140 Mus.
254 1105 374 1140 Paris.
403 1117 439 1140 n.
464 1107 564 1151 323).

317 1167 481 1208 Scapania
518 1167 681 1199 undulata
714 1166 908 1212 Montayne
939 1168 977 1200 in
1009 1166 1205 1213 d⁷0rbiyny
1230 1179 1304 1213 voy.
1332 1166 1384 1200 ῙῙ.
1412 1164 1499 1199 Βθί.
1518 1177 1557 1211 p.
1583 1167 1642 1201 80.

122 1235 156 1256 η.
183 1225 241 1257 66.
268 1224 348 1255 Vni.
376 1230 397 1256 Β
424 1241 458 1265 α,
482 1238 681 1272 purpurea,
711 1226 848 1260 addas:
878 1226 1017 1271 Mouy„
1045 1227 1140 1260 Nest.
1166 1233 1198 1260 et
1212 1226 1366 1271 Seliimp.
1392 1232 1435 1259 st.
1461 1237 1510 1258 cr.
1536 1223 1640 1269 γορ.-

243 1283 357 1318 Rheu.
384 1284 481 1319 XII.
511 1288 613 1320 1137.

122 1377 158 1410 p.
185 1369 244 1401 67.
432 1371 454 1402 8
481 1368 516 1402 b.
561 1368 834 1412 §campania
858 1368 1147 1411 brevfflora
1171 1368 1318 1411 Taylor.

215 1425 273 1459 Sc.
317 1427 465 1461 surculis
505 1427 758 1474 subeaespitosz's
805 1428 1101 1469 adscendentibus,
1138 1428 1245 1472 foliis
1281 1427 1433 1461 dentatis
1468 1427 1645 1474 prqfunde

122 1485 352 1531 inaequaliter
376 1486 507 1529 huobis,
536 1486 619 1521 lohis
644 1486 1143 1531 rotundato·trianyuIaribus‚
1170 1486 1322 1520 ventrali
1338 1498 1481 1520 convexo
1493 1493 1644 1531 patente,

122 1545 253 1578 dorsali
276 1546 470 1592 quadruplo
495 1548 626 1581 minore
660 1548 872 1581 incumbente
895 1547 1082 1592 foliiqero,
1115 1545 1382 1580 iuvolucralibus
1413 1545 1645 1591 conformibus

122 1604 331 1647 maioribus,
363 1607 567 1651 periantlzz'o
592 1607 766 1641 involucro
790 1607 990 1652 subaequali
1015 1620 1056 1640 ea:
1080 1613 1228 1651 auyusla
1261 1606 1413 1651 squamis
1444 1604 1644 1641 lanceolatz's

121 1665 269 1697 serratis
301 1665 515 1699 circumdata
551 1666 623 1700 basi
655 1666 819 1700 obconz'cis
846 1666 992 1712 plicatis
1024 1667 1219 1712 compressis
1250 1665 1400 1699 breviter
1424 1664 1640 1709 quadrilaei-

119 1723 228 1757 niatis
252 1725 412 1758 dentatis.

314 1784 479 1828 Scapania
513 1785 695 1816 brevissora
736 1784 838 1830 Tayl.
878 1785 965 1819 Nov.
993 1785 1088 1830 Hep.
1121 1785 1159 1818 in
1194 1783 1304 1817 Lond.
1340 1782 1468 1817 Journ.
1502 1783 1548 1829 qs
1574 1781 1641 1817 hot.

400 1846 502 1877 1846.
527 1855 563 1889 p.
589 1846 672 1877 271.
699 1857 733 1878 u.
765 1848 794 1878 l.

215 1900 376 1934 Habitat
402 1912 517 1945 prope
546 1902 843 1946 Philadelphiam
869 1903 954 1947 (Dr.
983 1903 1175 1946 VVatson).

214 1959 336 1994 Caules
365 1963 379 1993 l
407 1980 423 1986 -
447 1963 469 1993 2
495 1961 619 2004 pollio.
646 1961 766 2006 longi,
800 1963 895 1997 inter
922 1963 1076 1996 Muscos
1103 1962 1300 2005 degentes,
1336 1961 1423 1995 laxe
1449 1958 1641 2003 caepitosi,

117 2017 276 2052 obscure
302 2019 472 2061 olivacei,
500 2021 634 2054 novelli
662 2021 801 2055 surculi
830 2022 969 2066 pallide
994 2021 1157 2062 virides,
1191 2025 1215 2055 2
1233 2042 1250 2048 -
1270 2026 1292 2056 3
1319 2019 1478 2055 surculis
1504 2018 1641 2052 annuis

116 2087 165 2110 ex
201 2077 332 2112 eodem
365 2083 506 2123 puncto
540 2080 610 2113 sub
644 2080 837 2115 involucro
873 2081 1022 2115 ramosi.
1090 2079 1205 2114 Lobus
1235 2079 1310 2114 folii
1346 2078 1515 2122 superior
1541 2077 1638 2111 infe-

117 2136 205 2170 riori
233 2138 380 2172 adfixus
412 2142 470 2172 est
503 2143 544 2173 ut
577 2139 614 2172 in
644 2140 854 2182 Gottscheis,
890 2140 1082 2174 character
1115 2139 1225 2173 valde
1260 2138 1435 2172 notabilis
1468 2137 1507 2170 in
1541 2135 1639 2169 foliis

117 2195 394 2232 imolam-atibus.
447 2198 695 2233 Periantlzium
722 2200 846 2233 breve.
898 2199 1033 2232 Diffcrt
1069 2209 1091 2232 a
1117 2198 1174 2232 Sc.
1202 2197 1374 2242 uliyiuosa
1407 2194 1504 2228 foliis
1541 2194 1634 2227 den-

116 2254 203 2288 tatis
230 2255 444 2298 subacutis,
483 2258 628 2292 cellulis
666 2258 928 2292 minutioribus
955 2263 992 2291 et
1029 2257 1239 2301 periantliio
1273 2256 1336 2289 vix
1364 2265 1413 2288 ex
1446 2252 1638 2288 involucro

115 2318 277 2348 exserto.
326 2315 479 2358 (Taylor
504 2317 527 2350 l.
556 2316 607 2361 c.)

115 2409 153 2442 p.
182 2401 242 2433 67.
429 2401 451 2432 8
467 2409 498 2433 c.
538 2399 810 2443 §capania
835 2399 1153 2434 brevic-aulis
1177 2397 1327 2441 Taylor.

212 2459 270 2493 Sc.
296 2458 392 2492 caule
415 2458 609 2492 abbreviato
633 2459 819 2504 caespitoso
843 2457 1037 2492 subt-amosa
1062 2459 1299 2498 adscendente,
1312 2455 1420 2501 foliis
1443 2453 1636 2490 imbricatis

112 2516 311 2560 patentibus
336 2518 568 2562 inteyerrimis
592 2517 817 2563 inaequaliter
841 2517 962 2552 bilobis
985 2517 1276 2562 oblonyo-ovatis
1299 2515 1414 2549 obtuse
1434 2514 1633 2560 apic-alatis,

115 2574 187 2608 lobo
204 2575 333 2610 dorsali
357 2577 464 2624 triplo
488 2577 628 2619 minori,
648 2577 848 2624 periantlzz‘o
865 2576 1002 2611 obovato
1015 2577 1114 2622 yibbo
1128 2575 1375 2622 subcompresso
1393 2574 1487 2620 apice
1500 2573 1633 2620 plicato

114 2632 193 2667 ltine
205 2635 305 2679 fisso,
331 2648 387 2669 ore
410 2636 640 2681 inte-cerrima.

308 2696 471 2739 Scapania
500 2698 701 2728 brevicaulis
742 2695 844 2742 Tayl.
874 2696 962 2729 Noc.
993 2695 1084 2741 Hep.
1121 2695 1158 2728 in
1192 2694 1303 2728 Loml.
1330 2694 1459 2728 Journ.
1493 2692 1538 2737 eff
1563 2692 1628 2726 bot.

393 2757 496 2789 1846.
517 2767 556 2800 p.
581 2758 663 2790 272.
690 2767 725 2789 π.
752 2758 786 2789 2.

211 2811 372 2846 Habitat
396 2812 432 2845 in
460 2813 630 2847 America
658 2814 940 2858 septentrionali
968 2814 1017 2856 (J.
1047 2813 1292 2848 Drummond.
1317 2812 1355 2846 in
1383 2812 1459 2847 Hb.
1489 2812 1599 2857 Hk).

211 2869 407 2913 Caespites
434 2872 517 2914 lati,
554 2873 872 2909 fusco-olivacei.
925 2873 1048 2908 Caules
1073 2873 1149 2907 fere
1175 2875 1196 2915 ᾖ
1223 2872 1308 2916 poll.
1337 2871 1455 2915 longi,
1482 2871 1518 2905 in
1547 2873 1627 2907 basi

114 2927 334 2971 radiculosi‚
379 2930 649 2967 adscendentes
684 2937 721 2968 et
755 2934 860 2977 apice
893 2933 1101 2969 incrassati.
1161 2931 1267 2966 Folia
1301 2928 1493 2975 superiora
1528 2934 1628 2964 arcte
