1824 3252
155 213 227 246 656
795 202 1042 247 Plagiochila.

155 337 192 370 p.
218 328 277 360 65.
425 325 473 356 84
491 322 525 354 b.
560 318 902 365 Playiochila
927 317 1267 361 Jacqainotio·
1294 316 1414 350 Mont.

254 383 317 420 Pl.
344 383 440 418 caule
464 386 621 426 repente.
655 380 764 413 ramis
789 371 1168 412 adscendenti-eree'tis
1191 377 1356 418 ramosis,
1390 375 1537 410 ramulis
1561 375 1690 410 axilla·

154 444 251 479 ribus
273 440 494 488 fasciculatis
526 440 623 486 apice
654 439 789 484 reflescz‘s
813 436 1039 477 nutantibus,
1064 436 1172 482 foliis
1195 435 1475 470 subvertiealibus
1499 436 1692 471 imbricatis

156 504 348 538 semiovalis
372 501 512 547 diflexis
536 497 829 533 subleeteromallis
855 498 1015 542 margine
1039 495 1169 530 dorsali
1194 496 1334 541 reflexis
1365 496 1511 540 integris
1541 495 1691 528 ventrali

155 564 314 609 apieeque
338 560 525 594 rotundato
560 559 691 592 minute
723 557 966 599 denticulatis,
1001 554 1270 590 involucralz‘bus
1308 561 1377 589 toto
1410 554 1543 589 ambitu
1573 565 1692 599 oreque

155 627 316 656 truncato
335 619 532 666 periantlcii
558 616 884 662 elonque-clavati
908 614 1261 652 dentato-ciliolatis.

355 690 573 734 Plagiochila
601 690 812 732 Jacquinotii
839 688 957 723 fllont.
990 687 1126 734 Voyaye
1150 700 1196 721 au
1222 686 1313 721 Pele
1338 685 1427 720 Suel.
1453 685 1483 720 l.
1507 697 1546 731 p.
1570 687 1655 719 273.

252 761 414 798 Habitat
443 761 489 794 ad
517 761 652 795 fretum
684 758 992 803 Mageilanicum,
1022 758 1112 801 legit
1137 759 1187 793 ill.
1216 757 1411 792 d'Urville.

260 822 391 858 Caulis
416 831 563 865 repens,
606 819 763 861 divisus,
798 829 922 853 ramos
952 818 1371 853 adscendenti-erecto's
1397 826 1557 860 superne
1581 816 1690 850 emit-

156 889 253 918 tens.
301 883 414 916 Romi
441 881 666 919 biunciales‚
694 878 1197 918 innovando-ramosissimi,
1221 876 1528 911 innovationibus
1553 875 1690 910 axilla-

158 943 262 977 ribus
297 940 604 975 subfascieulatis
640 939 930 983 fastigiatisque.
982 938 1088 972 Folia
1120 936 1296 971 inferiora
1333 936 1534 977 distantia,
1571 936 1695 970 media

158 1002 430 1047 superioraque
458 999 668 1040 imbricata,
696 999 975 1040 subverticalia,
1003 998 1210 1032 semiovata
1237 996 1461 1039 oblongave‚
1488 996 1569 1030 basi
1597 1007 1691 1031 non-

156 1062 247 1097 nihil
277 1065 491 1105 angustata,
519 1058 866 1104 patenti-deflexa,
894 1058 1158 1098 heteromalla‚
1185 1057 1353 1098 margine
1379 1056 1519 1090 dorsali
1545 1062 1693 1101 praeter

158 1123 306 1167 apicem
344 1120 617 1154 denticulatum
658 1118 900 1163 integerrimo
937 1118 1069 1152 leviter
1106 1117 1266 1157 reflexo,
1306 1127 1379 1150 non
1416 1119 1541 1149 autem
1582 1118 1622 1148 ut
1655 1114 1693 1147 in

157 1182 219 1216 Pl.
248 1180 469 1215 heteromalla
497 1179 690 1219 involuto,
725 1177 881 1212 ventrali
917 1188 1088 1211 convexo
1122 1177 1262 1210 minute
1290 1176 1532 1209 denticulato.
1587 1174 1694 1208 Retis

155 1242 328 1277 maculae
357 1240 563 1281 rotundae,
590 1239 797 1281 oblongae,
826 1248 1017 1282 nunquam
1045 1237 1282 1280 granulosae.
1333 1235 1438 1270 Folia
1464 1234 1695 1269 involat-ralia

154 1300 500 1346 patenti-erecta,
545 1298 757 1343 perianthio
796 1297 952 1330 dimidio
991 1297 1184 1338 breviora,
1229 1307 1341 1342 quam
1381 1296 1532 1330 caulina
1571 1295 1693 1330 minus

156 1361 324 1402 deflexa,
352 1364 517 1394 ceterum
545 1358 765 1400 conformia,
795 1361 833 1391 at
860 1361 1018 1401 utroque
1046 1358 1214 1401 margine
1242 1355 1693 1398 denticulato-ciliolata,

156 1421 289 1455 ciliolis
313 1420 540 1455 dentibusve
564 1418 742 1452 consertis
766 1417 920 1451 minutis
942 1417 1133 1461 inaequali
1156 1417 1402 1460 longitudine,
1430 1417 1481 1450 ita
1507 1421 1547 1450 ut
1565 1416 1693 1451 folium

156 1480 580 1524 duplicato-serratum
615 1478 800 1512 videatur.
862 1477 1116 1511 Periantliimn
1151 1477 1585 1520 elongato-clavatum,
1623 1475 1690 1510 tri-

156 1540 319 1581 lineare,
359 1550 380 1572 a
416 1538 499 1572 basi
534 1542 729 1572 attenuata
756 1537 802 1571 ad
830 1548 872 1571 os
898 1548 1152 1581 compressum
1179 1541 1393 1570 truncatum
1421 1536 1692 1571 denticulatum

157 1599 294 1634 sensim
322 1599 554 1643 ampliatum.
608 1597 775 1641 Capsula
802 1597 920 1631 deest.

252 1669 382 1704 Affinis
411 1669 520 1714 Play.
547 1670 716 1703 renitenti
743 1673 780 1703 et
805 1668 1060 1710 laeter-omallcee,
1089 1679 1110 1702 a
1138 1667 1251 1712 priori
1280 1667 1548 1701 ramificatione
1574 1666 1689 1700 fasci-

158 1730 284 1764 culata
311 1735 349 1764 et
376 1729 595 1773 perianthiis
624 1730 732 1763 aliter
760 1729 1020 1769 conformatis,
1058 1729 1104 1762 ab
1139 1727 1314 1762 ulteriore
1342 1726 1562 1771 periantlriis
1593 1725 1692 1769 (fere

157 1790 287 1834 duplo)
324 1790 532 1824 maioribus
571 1795 608 1824 et
642 1790 739 1824 foliis
773 1789 934 1823 caulinis
972 1799 1046 1822 non
1082 1788 1377 1822 cuneiformibus
1415 1786 1582 1830 margine
1617 1796 1691 1819 non

156 1850 327 1891 inflexis,
372 1856 409 1884 et
444 1850 541 1884 foliis
569 1850 866 1885 involucralibus
892 1853 970 1883 toto
996 1848 1164 1892 margine
1191 1847 1440 1892 inaequaliter
1467 1850 1568 1879 arcte
1596 1844 1692 1878 den·

156 1909 246 1944 tatis
273 1910 425 1944 recedit.

158 2014 192 2047 p.
220 2005 279 2038 56.
379 2006 437 2037 86.
473 2003 817 2049 Plagiochila
842 2003 1200 2037 heteromalla
1227 2002 1267 2034 L.
1295 2005 1332 2034 et
1358 2000 1479 2043 Ldbg.

158 2074 258 2109 Loco
286 2074 403 2108 natali
432 2074 572 2108 addas:
629 2073 758 2107 Insula
786 2072 1008 2107 Barbadoes
1037 2073 1131 2115 (Hb.
1161 2073 1280 2117 Hk.);
1323 2072 1477 2106 Mexico
1504 2069 1550 2103 ad
1579 2070 1688 2104 Sem-

254 2135 452 2179 poaltepec
488 2132 720 2178 (Liebman)
753 2137 791 2167 et
824 2133 860 2166 in
898 2134 994 2176 pede
1032 2132 1169 2167 montis
1203 2133 1318 2167 Cerro
1361 2131 1408 2165 de
1450 2132 1505 2165 los
1535 2129 1691 2174 Nebijos

255 2196 291 2229 in
319 2194 509 2238 speluncis
538 2193 753 2227 aluminatis
778 2192 873 2236 (Hb.
901 2192 1071 2238 Miiller).

158 2300 193 2332 p.
221 2291 282 2323 56.
396 2291 441 2323 86
458 2289 491 2322 b.
528 2287 867 2334 Plumae-hila
893 2288 1052 2322 ovata
1079 2286 1250 2329 Ldbg.et
1266 2283 1456 2318 Gottsehe.

256 2361 318 2396 ΡΙ.
345 2361 440 2395 caule
467 2368 606 2406 repente
631 2361 809 2401 inti-icam,
837 2359 947 2392 ramis
968 2358 1155 2405 primariis
1179 2356 1462 2391 adscendentibus
1483 2355 1693 2401 yenit-alatis

158 2422 334 2455 interdum
350 2420 580 2467 flayellffei·is
615 2422 710 2466 apice
731 2416 1247 2465 fasciculato-innovandbus,
1271 2415 1379 2461 foliis
1410 2415 1693 2451 subvertiealibus

158 2481 526 2526 [linei-gerati-defleoeis
552 2479 786 2514 heteromallis
821 2479 893 2512 late
925 2479 1036 2512 ovatis
1067 2478 1198 2511 circum
1233 2478 1329 2510 eirca
1363 2476 1521 2510 dentibus
1545 2477 1692 2510 minutis

158 2541 352 2574 arctissime
377 2541 525 2574 armatis
549 2542 708 2584 maryine
732 2539 864 2574 dorsali
889 2538 1037 2585 reflatis,
1054 2539 1185 2584 fruc-m
1207 2535 1385 2570 terminali
1402 2535 1457 2569 vel
1476 2535 1692 2570 subveniente

158 2600 377 2634 innovatione
410 2601 447 2634 in
474 2601 699 2641 (ΙίοΙιοιοφηία,
730 2599 938 2646 periantltio
969 2597 1123 2642 elonyato
1154 2596 1562 2643 cylinclrieo-compresso
1595 2595 1692 2640 apic-e

160 2659 324 2694 bilabiato
349 2660 572 2702 denticulato,
587 2660 694 2706 foliis
719 2658 990 2694 involucralibus
1014 2655 1207 2692 minoribus
1231 2654 1480 2701 inaequalibus.

358 2721 524 2755 Liebman
550 2721 629 2755 Iter
655 2721 836 2754 IPIexican.
862 2719 983 2752 inedit.

258 2790 420 2825 Habitat
455 2791 493 2826 in
528 2797 653 2826 monte
688 2791 876 2826 Orizabae
909 2799 1026 2833 prope
1051 2787 1268 2833 Vacqueria
1301 2787 1360 2821 del
1386 2787 1496 2822 Jaoal
1530 2787 1566 2821 in
1602 2787 1687 2821 alti-

159 2849 289 2884 tudine
321 2853 450 2892 10‚ooo
475 2852 560 2896 ped.
588 2852 775 2896 frequens.

258 2909 298 2943 Si
329 2914 505 2944 accurate
532 2912 629 2946 hanc
655 2911 936 2952 observaveris,
971 2920 1055 2944 cum
1092 2909 1195 2943 nulla
1231 2908 1304 2943 alia
1338 2907 1570 2952 Plagiochila
1597 2917 1688 2941 eon-

162 2967 377 3011 sundenda3
404 2970 559 3014 propius
586 2976 709 3006 tamen
739 2971 922 3007 accedunt
949 2969 1054 3015 Play.
1082 2967 1302 3003 laem-omalla
1331 2973 1367 3002 et
1393 2966 1629 3001 Hookeriana.
