1824 3252
209 188 284 222 684
821 182 1134 227 Jungermannia.

210 312 249 346 p.
278 303 359 336 140.
425 303 494 335 12⁴2
509 300 544 334 b.
579 298 1017 344 sanger-mannia
1041 297 1300 334 tabulata
1325 299 1485 344 Tayl.et
1499 300 1624 336 Hook.
1637 301 1723 346 jun.

307 361 347 395 J.
375 359 474 394 caule
500 358 578 392 laste
603 359 793 404 caes-piloso
815 358 1061 404 procumbente
1093 357 1309 403 subramoso,
1332 360 1441 406 foliis
1473 360 1564 395 laxis
1599 362 1748 396 erectiu-

209 418 314 454 sculis
343 418 499 463 oblongis
531 417 648 463 ὂξῘίάίε
679 419 862 463 seymentis
893 419 1006 453 acutis
1036 417 1246 465 apiculatis.
1277 420 1479 465 periantlaeio
1505 421 1683 456 terminali
1708 434 1749 457 m:

209 485 360 523 anyusta
388 478 549 523 elon-quta
575 477 802 524 tabulataque
827 478 900 512 basi
924 478 1077 523 oblon90‚
1104 490 1163 512 ore
1181 478 1316 525 plicato
1339 480 1572 515 minutissime
1596 482 1749 525 dentato,

195 537 375 580 soliorum
401 537 671 572 involueralium
694 540 881 584 seymentis
908 538 1111 572 lanceolatis
1137 539 1381 583 inteyerrimis.

402 600 675 641 Jungermaunia
710 600 862 632 tribulata
900 598 1004 646 Tayl.
1032 599 1128 645 Hep.
1155 605 1310 634 amaret.
1345 599 1383 633 in
1410 599 1523 634 Lond.
1549 599 1679 635 Journ.
1712 600 1757 647 qs

490 658 554 694 hot.
587 661 688 693 1844.
710 671 748 705 p.
775 661 858 693 463.
884 670 919 692 η.
947 661 1007 693 20.

306 717 467 752 Habitat
492 718 529 751 in
558 718 697 752 Insulis
726 718 983 753 Falklandiois
1009 719 1184 761 (Hooker
1203 720 1322 765 jum).

307 777 430 811 Caules
456 778 493 811 in
514 779 701 823 caespites
724 779 832 813 laxos
852 778 992 823 pallide
1019 780 1159 814 virides
1179 779 1361 824 congesti,
1388 778 1453 813 vix
1472 778 1749 821 semiunciales‚

209 837 497 882 subsimpHces,
531 839 703 873 surculos
733 839 876 884 aliquot
902 839 1179 883 tlagellit'ormes
1207 840 1347 880 nudos,
1374 839 1413 872 J.
1441 838 1675 886 bicuspidatae
1702 838 1750 872 ad

207 896 338 936 instar,
365 898 590 933 emittentes.
643 898 749 933 Folia
777 899 1064 934 albido-viridia
1092 899 1294 943 pellucida,
1326 904 1463 941 erecta,
1491 899 1637 934 caulem
1664 909 1747 932 am-

207 956 433 1000 plectentia,
471 958 519 991 ad
557 959 664 992 basin
701 954 888 1002 conca‘va,
926 959 1011 993 sinu
1048 964 1159 993 acuto
1196 959 1315 1002 apicis
1342 959 1464 994 divisa
1491 959 1528 993 in
1556 963 1750 1003 segmenta

208 1016 283 1050 duo
326 1017 539 1052 lanceolata
583 1018 892 1063 breviapiculata.
960 1019 1217 1053 Perianllzium
1257 1019 1406 1061 album,
1454 1023 1515 1054 sat
1559 1030 1749 1063 magnum,

208 1076 445 1118 tubulosum,
497 1078 605 1122 apice
644 1081 764 1122 magis
811 1085 959 1113 tumens
1010 1079 1227 1123 ibidemque
1269 1079 1451 1123 plicatum
1490 1090 1554 1113 ore
1605 1078 1750 1112 minute

207 1136 452 1173 denticulato.
506 1138 687 1173 Involncri
714 1138 802 1173 solia
838 1139 1043 1182 segmentis
1077 1139 1250 1182 angustis
1285 1139 1546 1183 integerrimis.
1599 1138 1750 1185 Capsula

208 1198 382 1241 oblonga.
435 1200 579 1234 Semina
605 1199 735 1239 multa,
765 1199 1013 1240 luteo-fusca,
1040 1199 1305 1243 subaugulata.
1358 1199 1523 1234 Elaeeres
1549 1198 1694 1242 bispiri.

300 1258 602 1303 Junyermmme'ae
627 1259 863 1305 bz'cuspidatae
881 1260 1104 1304 Europaeae
1123 1260 1214 1293 haec
1236 1259 1346 1293 valde
1373 1259 1505 1293 similis
1531 1264 1598 1300 est,
1625 1258 1750 1293 differt

206 1320 332 1350 autem
361 1319 556 1353 evidenter
583 1320 737 1362 capsula
769 1319 951 1360 breviori,
987 1319 1169 1354 involucri
1198 1319 1296 1354 soliis
1325 1331 1396 1354 non
1425 1319 1608 1361 dentatis,
1643 1319 1745 1364 peri·

208 1377 335 1412 anthio
385 1378 544 1422 longiori
587 1379 834 1424 foliorumque
883 1379 1027 1413 cellulis
1064 1379 1284 1413 minoribus.
1346 1379 1567 1414 Perianthia
1601 1389 1749 1422 semper

205 1436 418 1471 terminalia
454 1439 491 1472 in
530 1439 620 1480 hac,
654 1439 753 1484 quod
791 1444 828 1473 et
854 1439 890 1473 in
917 1439 1031 1484 Juny.
1057 1439 1275 1487 bicuspidata
1301 1439 1461 1474 subinde
1488 1440 1747 1475 observamus.

204 1496 360 1541 (Taylor
387 1498 408 1533 Ι.
439 1499 486 1542 c.)

203 1578 241 1611 p.
273 1571 353 1603 140.
465 1573 533 1604 122
555 1581 587 1605 c.
626 1572 1064 1617 Junqermannz‘a
1090 1573 1289 1616 supina
1314 1571 1463 1615 Taylor.

300 1628 340 1663 J.
366 1629 462 1663 caule
486 1630 632 1676 implexo
653 1639 833 1677 prostrato
857 1632 1071 1678 subsimplici
1103 1645 1240 1666 sursum
1275 1632 1489 1673 incrassato,
1513 1631 1621 1677 foliis
1656 1631 1747 1666 laxis

197 1688 400 1733 patentibus
426 1690 657 1736 inaequalite-r
682 1692 814 1737 bifidis,
848 1699 1019 1737 seymento
1051 1692 1203 1726 ventrali
1236 1693 1366 1726 maiori
1390 1697 1487 1726 ovato
1512 1690 1644 1724 dor-sali
1668 1690 1746 1726 lan-

199 1746 340 1787 ceolato,
368 1756 512 1795 utroque
537 1751 714 1797 apic-ulmo
739 1753 975 1797 inteyerrimo,
990 1752 1100 1798 foliis
1117 1750 1389 1786 im-olucralibus
1407 1749 1594 1785 latioribus
1615 1751 1747 1796 trifidis

201 1807 389 1852 apiculatis
422 1810 659 1856 dentatisque,
692 1813 893 1858 periantlcio
927 1812 1106 1847 terminali
1138 1812 1277 1846 obet-ato
1309 1812 1432 1857 inflato
1465 1813 1536 1845 oris
1567 1814 1746 1857 seqmentis

202 1867 558 1913 apiculam-dentatis.

395 1932 669 1973 Jungernmnnia
702 1933 824 1975 supina
858 1931 990 1979 Taylor
1016 1933 1105 1966 ZVov.
1135 1933 1230 1979 Hep.
1257 1934 1295 1968 in
1322 1932 1434 1967 Lmzd.
1456 1931 1586 1966 Journ.
1614 1932 1658 1976 of
1677 1931 1743 1966 bot.

487 1993 590 2025 1846.
616 2003 653 2036 p.
680 1994 764 2025 273.
792 2003 827 2025 η.
854 1995 889 2025 4.

299 2048 462 2083 Habitat
497 2050 535 2084 in
575 2051 673 2094 ligno
711 2050 863 2094 putrido
897 2051 933 2084 in
962 2051 1137 2085 America
1164 2050 1449 2095 septentrionali
1488 2051 1743 2095 (Drummond

201 2106 240 2140 in
271 2107 346 2142 Hb.
377 2109 482 2154 Hk.).

299 2168 437 2203 Caules
474 2170 537 2203 vix
564 2174 586 2204 3
616 2170 679 2204 lin.
707 2171 828 2215 longi,
859 2170 1086 2205 radicantes.
1137 2171 1245 2205 Folia
1269 2171 1504 2206 surculorum
1525 2173 1744 2208 infertilium

199 2227 320 2271 magis
346 2229 539 2271 distantia,
568 2232 789 2273 angustiora
816 2235 853 2265 et
878 2232 999 2275 magis
1025 2231 1280 2275 irregulariter
1305 2232 1447 2273 divisa;
1474 2231 1512 2265 in
1539 2231 1648 2265 fertili
1673 2243 1743 2277 par

199 2286 373 2321 foliorum
402 2290 707 2325 subinvolucrale
734 2292 898 2326 trifidum
929 2292 1232 2335 integerrimum,
1269 2292 1359 2326 dum
1392 2291 1624 2327 involueralia
1658 2292 1742 2337 ipsa

200 2347 324 2382 trifida
361 2354 398 2384 et
433 2350 587 2384 dentata
615 2355 715 2386 sunt.
767 2352 1022 2387 Periantlzium
1057 2352 1191 2394 breve,
1224 2352 1448 2393 obovatum,
1487 2363 1554 2396 pro
1589 2353 1742 2396 plantae

200 2410 347 2442 statura
382 2420 572 2453 magnum.
625 2412 890 2458 Inflorescentia
923 2412 1077 2446 mascula
1111 2411 1339 2454 terminalis,
1374 2412 1463 2446 folia
1494 2412 1742 2456 perigonialia

200 2477 312 2501 unam
341 2469 398 2503 vel
427 2470 524 2505 duas
551 2471 728 2506 antheras
754 2472 1002 2517 pedicellatas
1028 2471 1110 2506 basi
1139 2471 1282 2506 tumida
1309 2471 1513 2506 continent.

298 2527 429 2563 Refert
447 2530 509 2575 Jy.
537 2530 792 2578 bieuspidatam
819 2533 884 2566 sed
913 2532 1126 2577 perianthio
1151 2531 1293 2576 gaudet
1311 2531 1432 2575 magis
1460 2531 1674 2574 rotundato,
1701 2536 1739 2567 et

200 2586 297 2622 foliis
324 2590 444 2633 magis
473 2591 728 2635 irregulariter
753 2592 886 2627 divisis
913 2591 1195 2637 segmentisque
1222 2591 1433 2636 apiculatis.
1459 2587 1613 2634 (Taylor
1634 2590 1664 2625 l.
1683 2593 1735 2637 c.)

199 2681 235 2714 p.
267 2673 344 2705 140.
408 2675 477 2707 122
495 2672 531 2707 d.
569 2674 1017 2719 Junyermamzia
1043 2673 1465 2721 glaucae-epham
1489 2673 1637 2718 Taylor.

294 2731 334 2766 J.
369 2732 466 2767 caule
497 2734 682 2779 caespitoso
713 2734 835 2779 exiyuo
866 2741 977 2768 erecto
1009 2734 1226 2776 subramosm
1249 2733 1357 2778 foliis
1390 2733 1478 2767 lascis
1513 2745 1554 2767 ex
1587 2739 1736 2778 anqusta

198 2789 413 2834 ampleaeante
439 2792 511 2827 basi
536 2792 689 2838 oblonyis
712 2794 946 2841 inaequaliter
965 2794 1092 2840 bifidi-5,
1118 2799 1287 2839 seymcnto
1313 2793 1446 2828 dorsalz'
1470 2800 1582 2828 erecto
1606 2794 1737 2828 minori

197 2850 346 2885 ventrali
368 2852 536 2887 reclinato
562 2860 708 2900 utroque
732 2853 963 2889 obtusiusculo
982 2856 1062 2888 sinu
1087 2854 1216 2888 obtuso.

390 2915 660 2956 Jungermannia
695 2915 961 2959 glaucocephala
997 2913 1100 2960 Tayl.
1130 2914 1218 2949 Nov.
1254 2914 1350 2961 Hep.
1377 2914 1416 2948 in
1453 2913 1566 2948 Lond.
1604 2913 1731 2948 Journ.

477 2962 522 3006 qs
540 2962 606 2996 bot.
637 2965 742 2998 1846.
762 2975 802 3009 p.
827 2965 911 2998 277.
937 2974 974 2998 n.
1005 2965 1059 2996 14.
